2149 3261
811 255 894 300 61

94 390 132 418 its
154 397 170 416 a
194 388 334 418 musculis
355 392 400 417 est
422 387 550 424 celatus,
585 391 615 417 ut
647 386 785 417 dissectis
817 386 930 417 denuuu
952 388 1036 416 trium
1063 385 1261 416 musculorum
1283 385 1424 416 stratibus
1445 395 1461 415 a
1483 386 1624 417 musculis

93 463 244 492 columnae
267 462 436 492 vertebralis
459 462 615 492 obvolutus
637 463 807 494 inveniatur.
849 461 943 500 Quam
966 460 1155 491 differentiam
1181 460 1322 491 diversam
1345 461 1525 491 functionem
1547 460 1621 491 duo-

92 548 153 567 rum
175 539 297 568 istorum
320 536 541 576 Hypoclithonis
573 547 724 566 nervorum
758 536 898 573 indicare,
920 544 971 575 pro
998 539 1078 566 certo
1111 534 1252 565 affirmare
1285 535 1400 575 quidem
1435 546 1491 566 nou
1514 535 1622 566 audeo:

92 613 161 642 mim
184 617 279 642 tamen
301 621 334 642 ea
357 622 391 642 ac
413 611 578 642 difficillima
599 610 636 642 ad
658 610 859 651 explicandum
881 609 1011 647 videtur,
1047 611 1102 639 nisi
1135 612 1244 641 variam
1276 612 1392 649 utrique
1421 610 1532 640 tribuas
1554 611 1621 644 vim.

91 686 225 717 Ceterum
248 687 376 718 ramulos
399 686 541 726 quosdam
562 696 579 716 a
612 696 701 716 nervo
733 685 844 716 laterali
875 687 1001 715 emissos
1033 687 1061 715 in
1086 685 1207 716 Tritone
1238 686 1360 715 cristato
1392 694 1437 714 me
1460 686 1620 722 iuvenisse,

90 763 138 801 qui
161 764 188 792 iu
211 767 278 792 cute
300 761 372 791 finiri
395 772 451 791 uon
474 761 655 797 videbantur,
675 770 764 799 supra
787 761 842 791 iam
864 762 1093 791 commemoravi.
1116 778 1155 782 —

246 836 307 866 Eos
329 846 405 867 nuuc
426 839 480 866 iam
503 846 598 867 ramos
620 838 700 865 nervi
722 834 798 874 vagi
831 837 857 865 si
889 840 1072 875 spectamus,
1108 837 1155 875 qui
1186 837 1215 865 in
1245 834 1379 865 omnibus
1399 835 1618 874 Amphibiorum

90 910 230 942 nudorum
251 911 408 950 generibus
431 912 630 947 inveniuntur,
664 920 763 940 ramus
795 910 1177 950 Glossopliaryngeus
1208 909 1284 941 haud
1312 919 1402 950 pauca
1425 909 1555 940 ostendit
1576 909 1618 939 di-

88 988 236 1018 scrimina.
278 988 372 1025 Quem
407 996 524 1015 nervum
558 987 632 1016 enim
664 996 751 1026 quum
783 985 929 1024 gustando
960 988 1099 1026 imprimis
1126 987 1281 1023 inservire,
1315 995 1361 1015 res
1393 986 1433 1014 sit
1454 985 1617 1020 notissima,

87 1063 189 1091 mirum
213 1063 332 1101 primum
355 1060 482 1097 videtur,
519 1063 604 1091 etiam
638 1063 665 1090 iu
697 1071 733 1091 eo
764 1071 872 1100 genere
902 1063 1023 1091 inveniri
1046 1061 1122 1091 hunc
1143 1071 1267 1097 ramum,
1302 1059 1378 1100 quod
1400 1059 1512 1098 lingua,
1547 1070 1616 1090 vero

86 1136 226 1174 gustandi
250 1146 374 1175 organo,
410 1140 516 1167 careat.
559 1136 658 1174 Quare
690 1139 718 1166 iu
749 1146 856 1174 genere
888 1136 960 1176 Pipa
993 1141 1044 1166 aut
1073 1136 1268 1166 membranam
1300 1137 1440 1165 internam
1469 1136 1543 1171 oris,
1578 1134 1614 1163 ab

84 1213 149 1251 ipso
170 1214 268 1241 nervis
290 1214 470 1248 instructam,
509 1216 604 1251 aptam
627 1221 706 1248 esse,
738 1222 812 1251 quae
833 1221 964 1251 saporem
988 1213 1135 1251 percipere
1155 1213 1259 1251 possit,
1286 1215 1339 1241 aut
1357 1211 1442 1240 aliam
1465 1214 1613 1250 praeterea

85 1287 154 1316 huic
178 1297 268 1316 nervo
290 1286 470 1316 tribuendam
505 1297 572 1317 esse
604 1289 676 1324 vim,
711 1287 796 1316 facile
828 1291 957 1325 apparet.
1008 1286 1144 1316 Ceterum
1177 1285 1489 1324 Glossopbaryugeum
1523 1284 1615 1324 Pipae

83 1361 256 1399 dorsigerae
278 1361 369 1390 multo
393 1363 512 1390 minoris
535 1372 603 1391 esse
625 1361 779 1392 voluminis
801 1371 885 1401 quam
907 1364 935 1390 in
958 1361 1077 1400 reliquis
1098 1361 1183 1391 huius
1206 1360 1315 1390 ordinis
1337 1360 1504 1398 generibus,
1525 1369 1612 1398 supra

79 1438 134 1465 iam
157 1440 204 1465 est
225 1438 486 1466 commemoratum.

239 1509 328 1548 Quod
363 1514 459 1540 autem
495 1509 532 1539 ad
567 1511 660 1549 ipsius
683 1509 955 1548 Glossopharyugei
990 1518 1088 1538 ramos
1120 1511 1240 1545 attinet,
1275 1519 1393 1539 ramus
1414 1511 1611 1539 commuui-

83 1595 172 1615 cans
197 1586 308 1621 (ramus
332 1585 472 1622 iugularis
495 1583 625 1621 Volkm.)
645 1586 784 1623 imprimis
806 1588 852 1613 est
874 1583 1084 1619 nominandus,
1120 1593 1178 1622 quo
1214 1585 1302 1621 prima
1325 1587 1354 1612 et
1375 1583 1504 1614 secunda
1525 1584 1610 1614 huius

81 1661 192 1690 ordinis
216 1660 341 1689 familiae
361 1664 431 1689 sunt
451 1661 626 1695 instructae,
660 1669 768 1696 genera
790 1658 919 1688 Caecilia
951 1662 981 1687 et
1002 1657 1192 1697 Hypochthon
1221 1659 1336 1686 omniuo
1358 1661 1465 1689 carent.
1507 1658 1610 1698 Neque

78 1739 162 1766 etiam
185 1737 213 1764 in
236 1737 283 1771 iis,
315 1744 390 1773 quae
417 1736 481 1774 ipso
503 1733 640 1772 gaudent,
665 1733 822 1772 generibus
843 1732 963 1763 eandem
986 1733 1034 1762 ille
1055 1733 1162 1770 ubique
1184 1731 1312 1762 ostendit
1332 1733 1469 1771 speciem,
1504 1735 1610 1772 quippe

78 1813 126 1850 qui
152 1811 243 1840 multo
266 1809 414 1848 amplioris
445 1810 485 1839 sit
506 1809 663 1838 voluminis
691 1810 719 1838 in
741 1807 972 1845 mandatorum,
1007 1818 1092 1847 quam
1123 1809 1152 1836 in
1175 1806 1462 1837 Salamandrinorum
1494 1806 1608 1839 familia.

82 1887 264 1916 Sensitivam
287 1889 382 1914 autem
405 1884 472 1914 huie
493 1893 572 1913 ramo
605 1894 673 1913 esse
695 1887 842 1920 naturam,
878 1894 912 1912 ex
943 1885 997 1920 iis,
1031 1893 1105 1920 quae
1137 1882 1356 1912 illustrissimus
1378 1880 1543 1912 Volkmann
1565 1883 1610 1912 in-

76 1963 180 1998 stituit,
201 1961 406 1998 experimentis
427 1963 557 1998 apparet.

238 2034 374 2064 Ceterum
398 2033 709 2072 Glossopiiaryngeus‚
730 2042 903 2072 quamquam
927 2032 1032 2071 ubique
1053 2041 1089 2061 ex
1111 2030 1187 2070 vagi
1212 2030 1331 2069 ganglio
1353 2040 1489 2068 nascens,
1511 2035 1605 2061 tamen

77 2118 195 2142 externa
231 2114 341 2138 tautum
374 2107 497 2146 quadam
531 2110 643 2138 ratione
675 2118 739 2137 cum
771 2107 826 2137 boc
857 2108 975 2146 ganglio
1011 2111 1057 2136 est
1088 2108 1275 2143 coniunctus,
1311 2116 1397 2145 quum
1425 2107 1452 2135 iu
1476 2107 1605 2145 plurimis

77 2187 180 2216 saltem
205 2184 418 2214 Ecaudatorum
455 2183 611 2222 generibus
642 2182 724 2213 radix
754 2184 861 2222 ipsius,
896 2193 913 2213 a
935 2182 1012 2220 Vagi
1033 2181 1181 2211 radicibus
1211 2184 1360 2221 separata,
1395 2191 1445 2220 per
1465 2182 1604 2220 ganglion

75 2263 232 2292 dissectum
252 2261 384 2299 persequi
407 2259 513 2298 aliquis
535 2257 669 2288 facillime
690 2259 793 2298 possit.
835 2257 929 2296 Quid,
965 2255 1044 2296 quod
1076 2259 1189 2296 proprio
1221 2256 1267 2286 hie
1298 2266 1406 2286 nervus
1441 2259 1469 2286 in
1491 2257 1601 2287 Bulone

75 2337 230 2376 palmarum
254 2340 281 2364 et
305 2334 416 2364 Buloue
439 2336 556 2363 cinereo
578 2332 685 2371 gaudet
706 2334 825 2371 ganglia
848 2344 863 2363 a
887 2333 962 2371 Vagi
985 2332 1103 2371 ganglio
1126 2333 1278 2361 seiuncto?
1310 2331 1376 2369 Qua
1398 2341 1427 2360 re
1449 2336 1599 2369 praestan-
