2149 3261
1223 282 1306 326 lo

657 417 766 447 Ramus
789 417 973 455 pharyugeus
986 416 1032 452 (l)
1056 414 1091 445 ad
1115 415 1244 444 anterius
1267 411 1428 452 procedens
1441 417 1604 452 postrenmo
1620 414 1762 452 superiori
1780 413 1940 453 pharyngis
1956 414 2030 452 parti

501 493 660 523 fasciculos
682 491 858 532 suppeditat.

656 568 767 597 Ramus
789 566 926 605 liugualis
949 565 1072 605 denique
1089 565 1150 601 (2),
1186 565 1385 604 amplissimus
1419 565 1544 593 omnium
1571 563 1607 593 ad
1631 564 1748 593 iuferius
1777 563 1902 593 flectitur
1925 567 1953 593 et
1975 563 2031 593 sub

498 643 640 673 musculis
661 642 873 682 stylohyoideis
895 641 930 671 ad
954 645 1141 681 conspectum
1164 642 1251 672 venit.
1294 639 1405 677 Magno
1438 640 1464 668 is
1487 649 1554 668 arcu
1586 640 1662 669 circa
1687 639 1863 678 pliaryngem
1897 637 1934 668 ad
1958 638 2028 668 infe-

499 721 559 749 rius
581 723 610 748 et
630 721 759 748 anterius
781 718 912 754 flectitur,
935 722 963 747 et
985 720 1011 747 in
1036 721 1182 746 externam
1215 715 1319 745 deinde
1343 715 1469 744 musculi
1498 713 1700 753 genioliyoidei
1724 716 1885 754 portionem
1907 713 2033 743 adscen-

500 794 571 824 dens
593 795 630 824 ab
652 796 716 833 ipso
738 794 791 823 hoc
814 793 946 823 musculo
969 793 1081 822 celatus
1103 793 1246 821 anteriora
1270 792 1350 830 petit.
1394 790 1462 828 Qua
1500 792 1528 818 in
1557 792 1603 819 via
1627 800 1713 818 cornu
1736 792 1864 819 anterius
1886 790 2034 828 cartilagi-

501 880 585 898 neum
619 871 697 899 ossis
729 869 843 908 hyoidei
875 867 1073 898 transscendit
1105 872 1133 896 et
1164 867 1219 897 sub
1256 867 1388 895 musculo
1414 865 1582 905 Hyoglosso
1619 876 1770 905 permeans
1799 865 1834 895 ad
1857 866 1978 895 interius
2000 874 2035 894 se

501 947 651 981 convertit,
683 949 710 973 et
733 946 759 973 in
781 945 889 982 spatio,
921 954 936 973 a
959 943 1100 972 musculis
1122 942 1322 980 geuioglossis
1349 943 1492 981 cuiusque
1515 941 1617 971 lateris
1641 941 1771 978 incluso,
1803 942 1830 970 iu
1853 941 1950 980 plures
1973 940 2034 970 dis-

500 1021 624 1049 solvitur
645 1030 756 1056 ramos,
793 1029 894 1048 omnes
917 1029 969 1048 eos
991 1020 1019 1047 in
1043 1018 1168 1055 linguam
1192 1019 1348 1053 intrantes,
1383 1020 1539 1046 retrorsum
1571 1017 1608 1046 ad
1638 1016 1771 1046 reflexum
1805 1017 1899 1055 ipsius
1921 1017 2033 1056 apicem

501 1098 683 1124 recurrentes
705 1095 844 1132 varioque
867 1093 905 1122 ibi
930 1092 1014 1122 niodo
1037 1103 1069 1122 se
1092 1092 1301 1132 expandente&

659 1169 772 1198 Rainus
794 1168 972 1198 intestiualis
987 1168 1033 1206 (3)
1057 1169 1137 1197 nervi
1161 1167 1236 1204 Vagi
1259 1167 1373 1206 quando
1406 1177 1440 1196 ex
1461 1168 1579 1206 ganglio
1604 1171 1684 1196 ortus
1708 1171 1753 1196 est
1775 1169 1872 1196 statim
1894 1166 2034 1196 ramulum

502 1243 561 1273 edit
583 1243 658 1273 haud
681 1246 718 1273 ita
742 1254 860 1282 parvum
885 1244 1008 1281 (ramum
1032 1247 1185 1273 cntaneum
1203 1243 1287 1280 (4)),
1324 1247 1482 1272 extrorsum
1506 1242 1542 1271 ad
1565 1242 1730 1280 glandulam
1754 1242 1911 1281 parotidem
1935 1251 2036 1280 proce-

503 1318 632 1355 dentem,
668 1329 788 1358 eamque
810 1319 958 1348 fasciculis
981 1320 1044 1349 suis
1067 1321 1264 1349 instruentem.
1307 1317 1423 1347 Deinde
1446 1321 1609 1347 extrorsum
1643 1319 1706 1356 ipse
1738 1327 1772 1345 se
1795 1321 1970 1345 convertens
1992 1324 2037 1343 ra-

502 1404 576 1423 mum
609 1396 714 1423 emittit
747 1396 774 1423 in
796 1393 869 1423 duos
902 1396 1002 1422 iterum
1037 1402 1142 1421 nervos
1176 1402 1240 1421 mox
1272 1392 1405 1421 divisum.
1449 1391 1580 1429 Quorum
1614 1391 1688 1420 alter
1721 1391 1758 1420 ad
1792 1393 1917 1420 exterius
1946 1390 2037 1420 flexus

503 1469 664 1498 musonium
688 1467 920 1506 stylohyoideuu]
944 1469 1117 1496 anteriorem
1141 1468 1257 1495 instruit
1279 1466 1438 1502 fasciculis,
1461 1467 1542 1502 alter,
1575 1468 1759 1505 perexiguus,
1785 1465 1822 1495 ad
1845 1465 1963 1494 iuferius
1987 1464 2037 1494 de-

501 1544 630 1579 scendit,
668 1553 731 1572 cum
756 1542 888 1571 musculo
911 1540 1116 1580 stylohyoideo
1139 1543 1299 1580 posteriore
1322 1541 1477 1580 parallelus
1506 1540 1541 1570 ad
1573 1543 1693 1570 interius
1715 1541 1853 1577 flectitur,
1889 1551 2037 1580 parvoque

502 1708 526 1733 in
546 1705 686 1740 Trigemini
707 1704 755 1730 sed
781 1704 804 1730 in
828 1703 896 1737 Vagi
929 1705 1098 1738 expositione
1124 1703 1260 1735 describit,
1295 1711 1392 1730 ramum
1423 1712 1437 1729 e
1458 1702 1718 1738 Glossopharyngeo
1740 1705 1867 1730 orientem
1887 1704 1994 1730 maioris
2014 1704 2039 1730 in

503 1760 640 1786 formando
661 1759 714 1783 isto
734 1765 817 1783 nervo
838 1758 961 1782 momenti
991 1765 1053 1782 esse
1083 1761 1164 1787 ratus,
1195 1766 1272 1791 quam
1302 1757 1370 1782 illum
1402 1765 1436 1782 ex
1457 1757 1564 1790 ganglia
1585 1756 1727 1790 Trigemini
1757 1761 1920 1783 nascentem.
1959 1757 2036 1791 Quae

503 1817 590 1839 tamen
609 1819 653 1837 res
673 1810 755 1836 multo
775 1810 852 1836 aliter
871 1818 902 1836 se
923 1809 1010 1837 habet.
1052 1809 1134 1836 Ramo
1155 1811 1220 1835 enim
1242 1810 1285 1835 illo
1304 1808 1557 1844 Glossopliaryngei
1577 1809 1712 1844 complura
1732 1814 1823 1836 carent
1842 1818 1941 1844 genera
1963 1810 2040 1842 (Pro-

504 1870 573 1895 teus,
604 1864 740 1895 Cam-ilia).
767 1872 839 1889 rauio
864 1865 935 1889 nervi
955 1863 1068 1888 Fuci-‘dis
1090 1864 1175 1889 omnia
1195 1863 1334 1897 Ampliibia
1354 1864 1423 1889 nuda
1444 1867 1506 1889 sunt
1526 1864 1664 1893 instructa,
1686 1863 1753 1889 unde
1773 1863 1841 1889 huuc
1861 1863 2039 1898 principalem,

503 1918 570 1943 illum
592 1916 768 1945 solummodo.
789 1920 817 1941 ut
837 1917 871 1941 ita
892 1916 984 1947 (licam,
1017 1917 1199 1942 accessorium
1229 1924 1293 1942 esse
1315 1920 1434 1951 apparet.
1472 1916 1585 1942 Nomina
1605 1917 1684 1950 igitur
1710 1917 1749 1942 sic
1770 1917 1955 1943 commutanda
1975 1925 2039 1943 esse

504 1972 602 2006 putavi,
624 1975 649 1996 ut
670 1977 787 1995 ramum
808 1970 993 2003 iugularem
1020 1969 1089 1995 illum
1110 1978 1142 1995 ex
1164 1970 1270 2003 ganglio
1291 1970 1404 1996 Gesseri
1424 1970 1552 1995 orientem
1573 1977 1671 1995 ramum
1702 1971 1869 1997 nominarem,
1899 1974 2037 2004 totumque

504 2023 572 2049 hunc
592 2032 625 2049 ex
646 2024 830 2049 coniunctione
851 2023 961 2048 duorum
984 2022 1076 2048 horum
1098 2031 1227 2049 ramorum
1250 2023 1388 2049 formatum
1414 2031 1523 2049 nervum
1549 2031 1601 2048 uon
1631 2023 1655 2048 in
1676 2022 1741 2057 Vagi
1770 2023 1819 2049 sed
1851 2024 1875 2048 in
1896 2023 2038 2057 Trigemini

505 2080 583 2105 ramis
603 2075 770 2112 exponendis
791 2075 981 2102 describerem.

664 2133 702 2162 (1)
723 2128 787 2154 'Pan
810 2128 829 2155 Ι.
860 2127 919 2162 Fig.
941 2129 963 2158 1,
985 2137 1011 2162 q.

665 2182 704 2211 (2)
725 2181 791 2207 Tali.
811 2180 830 2208 Ι.
862 2181 911 2215 Fig
933 2183 955 2208 l.
976 2181 991 2207 l.

663 2234 702 2265 (3)
723 2233 780 2267 Fig.
802 2236 824 2265 l,
845 2243 868 2259 n.

666 2288 703 2318 (4)
725 2286 780 2320 Fig.
804 2287 826 2315 1,
847 2295 871 2321 p.
893 2302 925 2305 —
966 2287 1144 2313 [Joctissinius
1165 2286 1367 2318 Volkmann,
1388 2285 1456 2312 hunc
1475 2294 1572 2313 ramum
1594 2287 1618 2312 in
1639 2286 1713 2313 Rana
1727 2295 1760 2313 ex
1781 2288 1839 2321 ipso
1851 2286 2037 2322 Vagiganglio

506 2341 632 2366 orientem
643 2339 808 2371 describens,
830 2348 923 2365 nornen
943 2342 1078 2366 cutanei
1098 2341 1147 2373 ipsi
1168 2341 1300 2374 imposuit.
1341 2340 1419 2373 Quod
1433 2340 1537 2374 quidem
1558 2349 1659 2371 nomen,
1681 2349 1836 2374 quamquam
1858 2340 1892 2366 ob
1911 2344 2037 2372 naturam,

506 2401 582 2427 quam
601 2393 626 2418 in
646 2393 804 2427 quibusdam
825 2392 1027 2419 Batrachiorum
1048 2393 1193 2427 generibus
1214 2392 1332 2419 ostendit
1362 2393 1404 2419 ille
1424 2401 1522 2424 ramus,
1548 2397 1640 2428 (quum
1661 2394 1685 2419 iu
1705 2395 1735 2419 iis
1756 2395 1800 2427 qui
1820 2393 1941 2427 glandula
1963 2402 2038 2427 paro-

506 2446 560 2473 tide
579 2449 689 2473 externe
719 2447 861 2481 perspicua
890 2451 953 2473 sunt
973 2447 1101 2482 praedita,
1122 2455 1175 2473 uon
1195 2451 1284 2472 cutem
1304 2448 1418 2473 cervicis
1447 2451 1474 2473 et
1495 2447 1602 2479 humeri,
1629 2447 1679 2473 sed
1699 2448 1783 2482 ipsam
1805 2446 1871 2473 hanc
1889 2446 2037 2481 glandulam
