2149 3261
803 279 892 325 219

83 422 145 442 rum
167 421 231 442 cum
253 411 412 442 Ecaudatis
435 414 613 450 comparatio
632 422 715 451 quam
738 413 861 442 maximo
890 414 944 442 erit
967 413 1046 441 nsni:
1082 412 1180 442 harum
1213 415 1287 442 enim
1320 411 1488 443 familiarum
1512 412 1611 444 formis

84 488 247 526 explicatis,
271 498 322 517 eae
345 497 469 526 quoqne,
497 497 569 525 quas
593 486 786 526 llypoclithon
808 492 835 516 et
849 487 976 517 Caecilia
998 486 1137 525 praebent
1160 486 1317 525 Trigeuiini
1338 484 1525 528 Facialisque
1547 499 1612 529 spe-

80 564 140 592 cies
163 562 314 601 expeditae
335 561 524 601 apparebunt,
547 564 652 601 quippe
674 572 748 601 quae
771 563 864 600 magis
886 563 1019 591 minusve
1042 561 1156 590 illorum
1177 564 1310 600 repetant
1331 562 1447 593 formas.
1471 583 1506 587 —

239 637 296 667 Est
330 641 426 666 autem
462 635 605 673 Facinus,
641 636 669 666 id
705 635 782 675 qnod
817 646 851 665 ex
883 634 1079 674 descriptione
1111 645 1263 665 nervorum
1296 638 1455 675 praemissa
1481 641 1561 676 patet
1584 640 1610 667 in

82 711 204 748 Rusone,
225 711 319 747 Rana,
355 710 440 749 Hyla,
477 710 560 750 Pipa,
597 711 815 747 Bembinatore,
850 709 994 740 Pelobate
1017 712 1144 748 omnino,
1176 712 1205 740 in
1228 710 1419 741 Salamandra
1441 716 1470 742 et
1493 711 1612 742 Tritone

82 797 115 816 ex
138 791 218 826 parte
241 796 304 816 cnm
327 795 396 825 pare
417 788 516 825 quinto
539 786 738 821 coniunctum,
773 786 812 814 ita
846 789 878 814 ut
909 787 1031 824 primum
1062 787 1102 816 sit
1133 784 1405 824 demonstrandum,
1441 789 1555 826 quinam
1579 798 1612 817 ex

80 861 197 899 ganglio
221 860 378 899 Trigemini
402 863 530 890 orientes
561 861 631 889 rami
663 858 700 889 ad
723 870 773 899 par
794 862 950 899 septimum
979 861 1038 890 sint
1059 859 1210 890 referendi.
1253 861 1348 899 Quam
1371 860 1407 891 ad
1429 872 1488 891 rem
1511 862 1611 892 eadem

77 936 164 972 haec,
200 946 273 974 quae
306 937 448 965 invenitur
485 936 560 964 inter
581 933 795 964 Ecaudatornm
826 939 855 964 et
877 935 1161 966 Salamandrinorum
1185 946 1302 966 nervum
1325 935 1491 973 Facialem,
1527 937 1608 967 diffe-

77 1012 167 1040 rentia
204 1020 288 1050 qnam
325 1011 447 1039 maximo
470 1011 522 1039 erit
545 1011 619 1040 usui.
662 1009 759 1048 Quum
781 1011 855 1039 enim
878 1012 1060 1040 inveniantur
1092 1013 1162 1041 rami
1184 1013 1212 1041 in
1236 1011 1295 1041 illis
1317 1021 1332 1041 e
1355 1010 1515 1049 'ri-{gemini
1538 1021 1609 1050 gan-

77 1086 137 1125 glio
161 1087 278 1122 emissi,
314 1087 341 1114 in
364 1084 556 1114 salamandra
588 1089 617 1114 et
639 1084 760 1114 Tritone
792 1085 828 1114 ab
861 1088 926 1123 ipso
950 1085 1059 1115 Faciali
1083 1087 1224 1116 orientes:
1259 1088 1288 1116 in
1309 1085 1472 1116 Ecaudatis
1495 1097 1612 1127 quoque

82 1163 166 1200 ipsos
188 1160 224 1190 ad
247 1170 298 1200 par
319 1162 472 1198 septimum
496 1161 639 1199 pertinere
660 1161 707 1190 vix
729 1164 795 1198 eget
816 1164 1000 1199 argumento,
1023 1180 1057 1186 —
1081 1171 1184 1200 magna
1207 1161 1266 1199 illa,
1301 1171 1375 1201 quae
1395 1161 1548 1192 intercedit
1569 1163 1612 1191 in-

81 1241 125 1266 ter
146 1236 236 1266 hasce
260 1234 334 1265 duas
356 1234 480 1265 familias
501 1233 626 1265 affinitas
649 1238 695 1265 est
716 1236 800 1274 quasi
822 1237 962 1266 terminus
985 1235 1115 1274 medius,
1148 1239 1196 1276 qui
1228 1240 1319 1267 ratam
1341 1236 1427 1267 faciat
1448 1237 1524 1267 hanc
1546 1247 1613 1267 con-

79 1311 248 1341 elusionem.

237 1383 275 1413 Ut
307 1384 343 1414 de
374 1386 411 1414 iis
442 1386 563 1423 primum
593 1386 680 1423 igitur
701 1384 818 1424 loquar,
853 1387 901 1424 qui
933 1385 1116 1415 solummodo
1147 1387 1177 1416 in
1209 1385 1370 1416 Ecaudatis
1403 1397 1419 1416 e
1452 1385 1611 1424 Trigemini

78 1458 197 1498 ganglia
219 1460 389 1488 emittuntur
409 1461 490 1495 rami,
513 1461 541 1487 in
564 1458 797 1489 Salamandrinis
819 1469 835 1488 a
857 1459 969 1489 Faciali
992 1462 1131 1496 oriuntur,
1154 1462 1198 1489 vir
1220 1460 1424 1491 celeberrimus
1447 1460 1611 1491 Volkmann

75 1544 183 1564 ramum
206 1534 382 1572 iugularem,
418 1544 502 1573 quem
531 1535 595 1573 ipse
618 1535 813 1572 tympanicum
837 1535 968 1563 nominat
991 1534 1325 1572 (Trommelhiffilenast,
1361 1535 1397 1565 de
1419 1545 1475 1574 quo
1498 1538 1613 1565 nomine

80 1608 146 1639 vide
168 1610 269 1649 supra)
292 1607 328 1638 ad
351 1618 403 1647 par
424 1610 578 1647 septimum
600 1608 707 1644 retulit,
741 1619 863 1648 eamque
885 1610 1057 1638 sententiam
1086 1609 1269 1638 solummodo
1293 1611 1497 1648 experimentis
1520 1614 1611 1639 moto-

77 1685 129 1714 riis
151 1683 263 1722 (quum,
299 1682 378 1712 nulla
400 1683 571 1722 reliquorum
595 1682 816 1713 Batrachiorum
838 1682 935 1712 habita
958 1685 1078 1720 ratione,
1115 1692 1220 1712 nervos
1249 1692 1336 1712 ranae
1359 1687 1469 1713 tantum
1492 1687 1611 1724 respici-

79 1770 142 1797 ens,
175 1759 232 1789 alia
263 1761 432 1796 argumenta
454 1757 581 1796 proferre
609 1759 637 1787 in
659 1759 784 1787 animum
814 1768 871 1787 non
893 1756 1052 1794 induxerit)
1075 1759 1310 1796 ingeniosissime
1333 1757 1543 1789 demonstravit
1555 1759 1610 1797 (l).

77 1834 194 1865 Radice
215 1835 290 1863 enim
312 1832 361 1862 illa
383 1832 420 1861 ab
443 1833 575 1862 Acustici
600 1834 711 1870 origine
733 1834 760 1862 in
784 1832 943 1871 Trigemini
965 1833 1104 1871 ganglion
1126 1834 1233 1862 emissa
1257 1834 1377 1869 irritata,
1399 1836 1611 1863 contractiones

78 1913 194 1940 exortae
224 1911 294 1937 sunt
325 1906 520 1937 musculorum
554 1906 693 1936 levatoris
717 1907 850 1937 maxillae
879 1907 1021 1937 inferioris
1043 1906 1204 1944 (vertebro-
1225 1911 1254 1937 et
1276 1909 1611 1946 tympano-maxillaris),

79 1982 272 2024 stylohyoidei
315 1983 470 2012 anterioris
512 1985 541 2010 et
582 1981 731 2011 vesiculae
766 1981 907 2020 iugulatis
943 1981 1129 2012 musculosae
1164 1983 1300 2019 marium,
1337 1982 1443 2021 quibus
1478 1983 1611 2014 omnibns

80 2058 222 2090 musculis
245 2056 328 2088 solus
350 2066 448 2087 ramus
471 2055 612 2094 iugulatis
635 2066 742 2086 nervos
763 2058 925 2095 impertitur
939 2056 996 2094 (2).
1013 2076 1048 2081 -
1072 2056 1157 2094 Quae
1177 2059 1394 2087 contractiones
1418 2068 1504 2097 quum
1526 2068 1609 2097 porro

79 2136 164 2164 etiam
188 2143 276 2163 nervo
299 2132 422 2170 iugulari
445 2133 518 2171 ipso,
553 2135 581 2161 et
603 2130 717 2170 quidem
739 2134 807 2161 ante
829 2132 1064 2161 coniunctionem
1093 2142 1157 2161 cum
1178 2141 1258 2162 ramo
1281 2134 1510 2163 communicante
1534 2133 1609 2171 Vagi

238 2278 278 2310 (1)
298 2276 482 2304 Volkmann
501 2275 567 2303 iiber
585 2277 628 2303 die
647 2275 814 2303 Hirnnerven
834 2276 883 2303 des
902 2275 1049 2305 Frosches.
1087 2276 1160 2303 Miill.
1179 2276 1262 2305 Arch.
1284 2277 1360 2306 1838.
1390 2285 1434 2314 pg.
1454 2279 1497 2305 84.

239 2331 277 2362 (2)
298 2330 325 2356 lu
345 2330 450 2357 Bufone
475 2329 616 2365 palmarum
645 2338 696 2356 non
725 2329 811 2356 solum
840 2329 986 2356 musculum
1017 2329 1231 2364 stylohyoideum
1260 2331 1438 2365 posteriorem
1468 2332 1558 2364 (sicuti
1586 2333 1609 2358 in

79 2385 166 2414 Rana)
186 2383 235 2409 sed
257 2385 334 2410 etiam
355 2383 569 2419 stylohyoideum
594 2384 754 2411 anteriorem
780 2391 796 2409 a
815 2391 887 2410 ramo
908 2382 1051 2410 intestinali
1070 2384 1192 2418 accipere
1211 2391 1321 2416 nervoS,
1341 2391 1423 2419 supra
1443 2388 1486 2411 est
1499 2392 1609 2412 comme-

78 2440 205 2463 moratum
227 2444 269 2471 μς,
293 2436 333 2463 10.

1383 2480 1399 2506 7
