2149 3261
821 279 905 325 ὃὸ

102 418 170 439 esse
191 409 337 449 praeditas
360 412 457 440 nervis
479 409 582 447 elucet,
604 411 695 441 altero
716 421 732 441 e
754 411 930 451 Trigemino,
963 412 1053 442 altero
1086 423 1102 442 e
1123 412 1234 443 Faciali
1257 413 1388 444 oriundo.
1430 414 1489 452 Qui
1511 414 1626 454 quidem

103 487 171 514 rami
207 495 262 514 non
298 485 394 515 solum
429 485 637 516 directionibus
672 487 827 517 admodum
862 487 1009 527 parallelis
1041 487 1274 526 progrediuntur,
1307 489 1360 518 sed
1392 491 1477 519 etiam
1511 489 1630 528 ultimis,

102 559 207 598 quibus
239 560 384 596 finiuntur,
415 561 534 590 ramulis
568 571 641 591 unus
674 564 802 601 proxime
833 561 870 592 ad
901 561 1023 591 alterum
1053 561 1204 591 accedunt.
1250 561 1372 593 Maxilla
1401 566 1475 594 enim
1497 567 1630 604 superior

103 644 212 665 remum
235 636 410 665 maxillarem
432 637 608 675 superiorem
641 646 657 665 a
690 646 758 675 pare
791 638 903 675 quinto,
933 645 1042 665 ramum
1075 636 1231 676 palatinum
1253 646 1271 667 a
1292 637 1418 675 Faciali3
1453 639 1566 668 maxilla
1589 642 1629 669 in-

103 710 189 739 terior
219 720 328 740 romum
360 711 534 740 maxillarem
566 710 727 740 inferiorem
759 711 802 747 (in
825 709 1056 740 Salamandrinis
1088 715 1237 750 praeterea
1268 722 1376 742 ramum
1397 713 1589 751 alveolarem)
1614 724 1631 744 a

104 784 285 823 Trigemino‚
321 795 429 815 ramum
462 786 611 816 mentalem
653 785 776 823 (ramum
811 785 983 815 alveolarem
1020 785 1320 824 Salamandrinorum)
1352 797 1368 817 a
1403 797 1472 827 pare
1506 790 1631 828 septimo

103 862 218 900 accipit.
260 860 318 898 Qui
341 860 454 899 quidem
476 860 542 897 duo,
564 870 639 900 quos
661 864 807 899 postremo
824 863 976 897 nominavi,
998 864 1069 891 rami
1093 866 1187 892 utrum
1209 863 1238 892 in
1260 863 1370 892 ultimis
1392 862 1503 893 filorum
1525 863 1630 893 finibus

103 936 223 975 laqueos
255 936 415 974 plexosque
445 934 584 971 efficiant,
620 945 674 965 nec
705 946 756 972 nc,
791 937 819 966 in
853 936 946 966 medio
977 947 1023 966 me
1051 937 1214 975 relinquere
1235 941 1363 977 oportet:
1397 937 1425 967 id
1447 948 1533 968 unum
1555 940 1631 968 satis

103 1015 212 1040 certum
236 1014 283 1040 est
303 1015 390 1050 atque
411 1010 604 1049 exploratum,
640 1010 730 1047 duos,
765 1021 885 1050 quorum
918 1013 1038 1051 primum
1071 1011 1125 1041 feci
1159 1014 1342 1049 mentionem,
1365 1014 1393 1041 in
1425 1012 1632 1043 Bombinatore

103 1089 131 1115 et
153 1084 294 1116 Pelobate
315 1095 449 1123 magnum
482 1089 511 1115 et
533 1085 657 1125 atuplum
681 1088 756 1116 circa
784 1086 897 1116 oculum
919 1086 1039 1116 formare
1066 1087 1210 1126 laqueum.
1252 1087 1423 1117 Membrana
1445 1090 1519 1118 enim
1541 1089 1630 1128 palati

102 1164 222 1197 remota,
254 1161 378 1190 facillimi
410 1165 458 1190 est
489 1162 609 1199 negotii,
641 1171 749 1191 ramum
782 1171 798 1191 a
821 1171 909 1191 nervo
931 1161 1059 1201 palatino
1085 1166 1245 1193 extrorsum
1267 1164 1404 1193 emissum
1425 1163 1518 1194 oculis
1539 1166 1634 1203 sequi,

103 1234 151 1265 ubi
173 1238 202 1265 in
223 1245 329 1266 ramum
354 1236 528 1266 maxillarem
552 1238 728 1275 superiorem
751 1235 910 1274 Trigemini
933 1238 1028 1275 ipsum
1049 1239 1174 1267 transire
1195 1240 1287 1277 primo
1308 1241 1433 1277 aspectu
1454 1238 1581 1270 videbis.

826 1312 851 1348 ξ.
893 1312 920 1343 3.

264 1384 515 1422 Quemadmodum
538 1395 656 1415 nervum
680 1385 877 1424 Trigeminam
909 1388 937 1416 in
960 1385 1121 1416 Ecaudatis
1154 1397 1217 1417 cnm
1250 1387 1448 1427 compluribus
1470 1389 1536 1418 aliis
1558 1390 1635 1428 pari-

104 1460 160 1489 bus
182 1458 219 1489 ad
241 1469 326 1488 unum
348 1462 479 1497 systema
502 1460 685 1488 coniunctum
708 1469 776 1488 esse
798 1459 885 1488 modo
908 1459 1187 1498 demonstravimus,
1223 1463 1268 1491 sic
1301 1464 1385 1492 etiam
1408 1473 1544 1493 nervus
1567 1462 1636 1494 Va—

105 1544 188 1573 gus,
223 1533 286 1564 sed
322 1535 355 1563 in
392 1533 558 1564 omuibus
594 1533 868 1572 Amphibiorum
904 1533 1075 1564 nudorum
1108 1535 1264 1566 familiis
1299 1547 1362 1566 cum
1394 1537 1542 1567 nonnullis
1571 1538 1636 1567 aliis

107 1611 204 1639 nervis
226 1613 272 1638 est
293 1615 446 1639 connatus.
488 1608 546 1638 Via
566 1610 661 1646 igitur,
686 1618 770 1647 quam
792 1614 887 1645 antea,
920 1608 1116 1647 cognoscendi
1139 1619 1258 1646 caussa,
1279 1612 1393 1648 quinam
1415 1613 1486 1641 rami
1509 1612 1636 1651 singulis

109 1686 328 1715 coniunctorum
360 1693 512 1713 nervorum
545 1683 755 1723 respondeant,
790 1693 891 1713 sumus
923 1685 1066 1722 ingressi,
1101 1694 1177 1714 nunc
1209 1685 1263 1713 erit
1293 1684 1490 1723 relinquenda.
1533 1686 1637 1727 Neque

108 1760 157 1790 illa
189 1759 227 1789 ibi
260 1768 333 1798 opus
365 1762 421 1795 est,
458 1768 544 1798 quum
576 1758 684 1796 singuli
718 1759 789 1788 rami
811 1758 848 1788 ob
870 1759 1021 1795 maiorem,
1055 1768 1139 1797 quam
1175 1769 1238 1788 cum
1270 1763 1449 1798 superiorum
1472 1761 1636 1791 animalium

109 1837 208 1865 nervis
232 1833 401 1870 ostendunt,
423 1833 638 1863 similitudinem
671 1843 722 1872 per
754 1843 787 1862 se
819 1835 874 1863 iam
896 1833 1009 1864 facilius
1041 1835 1158 1873 possint
1188 1837 1344 1873 cognosci,
1378 1837 1417 1864 ita
1449 1839 1481 1865 ut
1501 1835 1578 1865 haud
1600 1838 1638 1866 ita

110 1909 234 1940 difficilis
256 1911 296 1939 sit
317 1909 437 1946 negotii,
459 1917 557 1937 ramos
580 1917 651 1937 suos
673 1907 841 1938 adiudicare
862 1909 988 1946 singulis
1009 1910 1118 1940 nervis.

268 1983 465 2013 Nihilominus
500 1987 597 2012 tamen
618 1984 704 2012 etiam
727 1982 831 2021 Vagus
860 1984 984 2022 aliquau·
1007 1983 1123 2013 exhibet
1145 1983 1333 2014 differentiam
1354 1985 1383 2013 in
1405 1985 1532 2023 singulis
1552 1985 1638 2016 huius

112 2060 221 2091 ordinis
243 2058 369 2095 familiis,
403 2068 501 2088 ramos
524 2059 655 2088 nimirum
679 2057 822 2097 quosdam
844 2058 1011 2096 emittendo,
1046 2058 1153 2097 quibus
1174 2059 1249 2089 aliae
1270 2063 1338 2089 sunt
1363 2061 1533 2098 instructae,
1565 2061 1640 2092 aliae

111 2145 233 2176 prorsus
256 2144 353 2164 carere
375 2134 517 2163 videntur.
559 2133 658 2171 Quare
690 2135 769 2163 nervi
792 2133 869 2172 Vagi
902 2143 999 2163 veram
1021 2137 1150 2164 naturam
1183 2136 1382 2165 examinantes
1403 2135 1439 2165 de
1461 2137 1497 2165 iis
1517 2138 1638 2175 primum

113 2211 294 2241 disseremus
315 2210 414 2246 ramis,
436 2211 482 2248 qui
506 2209 653 2238 nonnullis
675 2211 785 2238 tantum
807 2209 909 2238 horum
931 2209 1096 2239 animalium
1117 2209 1272 2247 generibus
1293 2214 1362 2240 sunt
1382 2212 1508 2250 propria,
1535 2210 1640 2242 deinde

114 2286 150 2315 de
172 2287 208 2315 iis
230 2284 455 2324 disputabimus,
476 2283 581 2323 quibus
603 2286 697 2314 omnia
721 2287 790 2313 sunt
811 2283 950 2323 praedita.

276 2361 374 2399 Atque
397 2361 516 2398 primum
538 2358 613 2388 hunc
644 2358 682 2388 ad
714 2358 797 2388 finem
819 2358 992 2389 facientibus
1014 2358 1132 2397 gradum
1163 2369 1296 2397 magnum
1320 2362 1375 2389 iam
1397 2360 1482 2390 nobis
1502 2370 1537 2390 se
1559 2362 1641 2391 offert

115 2436 280 2470 discrimen»,
312 2445 369 2474 quo
405 2436 495 2474 prima
528 2434 745 2473 Amphibiorum
777 2433 915 2464 nudorum
942 2433 1047 2465 familia
1069 2443 1085 2464 a
1107 2434 1236 2465 secunda
1257 2434 1389 2473 recedat,
1424 2445 1510 2475 quum
1532 2445 1640 2467 ramum
