<?xml version="1.0" encoding="UTF-8"?>
<!DOCTYPE html PUBLIC "-//W3C//DTD XHTML 1.0 Transitional//EN"
    "http://www.w3.org/TR/xhtml1/DTD/xhtml1-transitional.dtd">
<html xmlns="http://www.w3.org/1999/xhtml" xml:lang="en" lang="en">
 <head>
  <title>
</title>
<meta http-equiv="Content-Type" content="text/html;charset=utf-8" />
  <meta name='ocr-system' content='tesseract 3.04.00' />
  <meta name='ocr-capabilities' content='ocr_page ocr_carea ocr_par ocr_line ocrx_word'/>
</head>
<body>
  <div class='ocr_page' id='page_1' title='image "./amphibiorumnudor00fisc_0045.png"; bbox 0 0 2149 3261; ppageno 0'>
   <div class='ocr_carea' id='block_1_1' title="bbox 799 282 883 328">
    <p class='ocr_par' dir='ltr' id='par_1_1' title="bbox 799 282 883 328">
     <span class='ocr_line' id='line_1_1' title="bbox 799 282 883 328; baseline -0.012 0"><span class='ocrx_word' id='word_1_1' title='bbox 799 282 883 328; x_wconf 74' lang='lat'>37</span> 
     </span>
    </p>
   </div>
   <div class='ocr_carea' id='block_1_2' title="bbox 67 413 1610 1888">
    <p class='ocr_par' dir='ltr' id='par_1_2' title="bbox 69 413 1610 1136">
     <span class='ocr_line' id='line_1_2' title="bbox 76 413 1609 458; baseline -0.002 -10"><span class='ocrx_word' id='word_1_2' title='bbox 76 418 222 458; x_wconf 74' lang='lat' dir='ltr'>procedit,</span> <span class='ocrx_word' id='word_1_3' title='bbox 258 418 378 449; x_wconf 82' lang='lat' dir='ltr'>eandem</span> <span class='ocrx_word' id='word_1_4' title='bbox 411 427 497 458; x_wconf 80' lang='lat' dir='ltr'>quam</span> <span class='ocrx_word' id='word_1_5' title='bbox 529 427 626 447; x_wconf 87' lang='lat' dir='ltr'>ramus</span> <span class='ocrx_word' id='word_1_6' title='bbox 660 417 816 447; x_wconf 77' lang='lat' dir='ltr'>maxillaris</span> <span class='ocrx_word' id='word_1_7' title='bbox 845 415 960 446; x_wconf 79' lang='lat' dir='ltr'>inferior</span> <span class='ocrx_word' id='word_1_8' title='bbox 983 417 1061 455; x_wconf 79' lang='lat' dir='ltr'>paris</span> <span class='ocrx_word' id='word_1_9' title='bbox 1084 417 1175 455; x_wconf 82' lang='lat' dir='ltr'>quinti</span> <span class='ocrx_word' id='word_1_10' title='bbox 1199 413 1386 445; x_wconf 83' lang='lat' dir='ltr'>directionem</span> <span class='ocrx_word' id='word_1_11' title='bbox 1409 424 1537 454; x_wconf 85' lang='lat' dir='ltr'>sequens</span> <span class='ocrx_word' id='word_1_12' title='bbox 1553 415 1609 452; x_wconf 93' lang='lat' dir='ltr'><strong>(l).</strong></span> 
     </span>
     <span class='ocr_line' id='line_1_3' title="bbox 74 490 1608 534; baseline -0.003 -10"><span class='ocrx_word' id='word_1_13' title='bbox 74 494 208 525; x_wconf 86' lang='lat' dir='ltr'>Romulis</span> <span class='ocrx_word' id='word_1_14' title='bbox 244 496 268 523; x_wconf 91' lang='lat' dir='ltr'>is</span> <span class='ocrx_word' id='word_1_15' title='bbox 302 493 475 534; x_wconf 84' lang='lat' dir='ltr'>quibusdam</span> <span class='ocrx_word' id='word_1_16' title='bbox 511 495 675 532; x_wconf 85' lang='lat' dir='ltr'>perexiguis</span> <span class='ocrx_word' id='word_1_17' title='bbox 707 491 743 521; x_wconf 85' lang='lat' dir='ltr'>ad</span> <span class='ocrx_word' id='word_1_18' title='bbox 766 493 914 531; x_wconf 85' lang='lat' dir='ltr'><strong>posterius</strong></span> <span class='ocrx_word' id='word_1_19' title='bbox 948 493 1066 520; x_wconf 77' lang='lat' dir='ltr'>emissis</span> <span class='ocrx_word' id='word_1_20' title='bbox 1081 491 1145 528; x_wconf 81' lang='lat'>(2),</span> <span class='ocrx_word' id='word_1_21' title='bbox 1181 492 1228 530; x_wconf 90' lang='lat' dir='ltr'>qui</span> <span class='ocrx_word' id='word_1_22' title='bbox 1262 500 1354 529; x_wconf 83' lang='lat' dir='ltr'>usque</span> <span class='ocrx_word' id='word_1_23' title='bbox 1385 490 1422 520; x_wconf 89' lang='lat' dir='ltr'>ad</span> <span class='ocrx_word' id='word_1_24' title='bbox 1445 494 1608 529; x_wconf 86' lang='lat' dir='ltr'>aperturam</span> 
     </span>
     <span class='ocr_line' id='line_1_4' title="bbox 77 564 1610 609; baseline -0.003 -10"><span class='ocrx_word' id='word_1_25' title='bbox 77 569 275 599; x_wconf 79' lang='lat' dir='ltr'>brancltialem</span> <span class='ocrx_word' id='word_1_26' title='bbox 298 568 518 609; x_wconf 76' lang='lat' dir='ltr'>progredientes</span> <span class='ocrx_word' id='word_1_27' title='bbox 541 570 568 597; x_wconf 90' lang='lat' dir='ltr'>in</span> <span class='ocrx_word' id='word_1_28' title='bbox 592 572 658 597; x_wconf 87' lang='lat' dir='ltr'>cute</span> <span class='ocrx_word' id='word_1_29' title='bbox 681 567 718 597; x_wconf 88' lang='lat' dir='ltr'>ibi</span> <span class='ocrx_word' id='word_1_30' title='bbox 742 566 891 601; x_wconf 84' lang='lat' dir='ltr'>finiuntur,</span> <span class='ocrx_word' id='word_1_31' title='bbox 926 567 989 604; x_wconf 84' lang='lat' dir='ltr'>ipse</span> <span class='ocrx_word' id='word_1_32' title='bbox 1022 575 1114 603; x_wconf 85' lang='lat' dir='ltr'>usque</span> <span class='ocrx_word' id='word_1_33' title='bbox 1135 564 1171 594; x_wconf 86' lang='lat' dir='ltr'>ad</span> <span class='ocrx_word' id='word_1_34' title='bbox 1195 565 1339 594; x_wconf 86' lang='lat' dir='ltr'>maxillam</span> <span class='ocrx_word' id='word_1_35' title='bbox 1361 565 1521 594; x_wconf 79' lang='lat' dir='ltr'>inferiorem</span> <span class='ocrx_word' id='word_1_36' title='bbox 1544 574 1610 603; x_wconf 90' lang='lat' dir='ltr'>pro-</span> 
     </span>
     <span class='ocr_line' id='line_1_5' title="bbox 75 639 1608 683; baseline -0.004 -9"><span class='ocrx_word' id='word_1_37' title='bbox 75 654 199 683; x_wconf 86' lang='lat' dir='ltr'>gressus</span> <span class='ocrx_word' id='word_1_38' title='bbox 215 644 263 682; x_wconf 83' lang='lat'>(3)</span> <span class='ocrx_word' id='word_1_39' title='bbox 285 644 446 683; x_wconf 82' lang='lat' dir='ltr'><strong>complures</strong></span> <span class='ocrx_word' id='word_1_40' title='bbox 468 643 529 674; x_wconf 80' lang='lat' dir='ltr'>edit</span> <span class='ocrx_word' id='word_1_41' title='bbox 550 653 671 679; x_wconf 83' lang='lat' dir='ltr'>nervos,</span> <span class='ocrx_word' id='word_1_42' title='bbox 707 644 735 672; x_wconf 93' lang='lat' dir='ltr'>in</span> <span class='ocrx_word' id='word_1_43' title='bbox 758 645 840 678; x_wconf 86' lang='lat' dir='ltr'>cute,</span> <span class='ocrx_word' id='word_1_44' title='bbox 872 650 946 678; x_wconf 82' lang='lat' dir='ltr'>qnae</span> <span class='ocrx_word' id='word_1_45' title='bbox 968 640 1130 670; x_wconf 87' lang='lat' dir='ltr'>musculum</span> <span class='ocrx_word' id='word_1_46' title='bbox 1153 639 1388 679; x_wconf 81' lang='lat' dir='ltr'>mylobyoideum</span> <span class='ocrx_word' id='word_1_47' title='bbox 1412 641 1484 678; x_wconf 79' lang='lat' dir='ltr'>tegit</span> <span class='ocrx_word' id='word_1_48' title='bbox 1505 649 1538 669; x_wconf 88' lang='lat' dir='ltr'>se</span> <span class='ocrx_word' id='word_1_49' title='bbox 1561 650 1608 669; x_wconf 87' lang='lat' dir='ltr'>ex-</span> 
     </span>
     <span class='ocr_line' id='line_1_6' title="bbox 72 714 1606 758; baseline -0.003 -9"><span class='ocrx_word' id='word_1_50' title='bbox 72 729 227 758; x_wconf 81' lang='lat' dir='ltr'>pausuros.</span> <span class='ocrx_word' id='word_1_51' title='bbox 270 719 301 750; x_wconf 87' lang='lat' dir='ltr'>lu</span> <span class='ocrx_word' id='word_1_52' title='bbox 335 725 452 749; x_wconf 82' lang='lat' dir='ltr'>externo</span> <span class='ocrx_word' id='word_1_53' title='bbox 486 718 591 748; x_wconf 86' lang='lat' dir='ltr'>deinde</span> <span class='ocrx_word' id='word_1_54' title='bbox 624 717 756 747; x_wconf 78' lang='lat' dir='ltr'>maxillae</span> <span class='ocrx_word' id='word_1_55' title='bbox 788 715 932 746; x_wconf 79' lang='lat' dir='ltr'>interioris</span> <span class='ocrx_word' id='word_1_56' title='bbox 965 716 1054 745; x_wconf 80' lang='lat' dir='ltr'>latere</span> <span class='ocrx_word' id='word_1_57' title='bbox 1087 717 1217 754; x_wconf 83' lang='lat' dir='ltr'>positus,</span> <span class='ocrx_word' id='word_1_58' title='bbox 1252 717 1307 745; x_wconf 81' lang='lat' dir='ltr'>iter</span> <span class='ocrx_word' id='word_1_59' title='bbox 1339 725 1431 754; x_wconf 89' lang='lat' dir='ltr'>usque</span> <span class='ocrx_word' id='word_1_60' title='bbox 1460 714 1496 744; x_wconf 86' lang='lat' dir='ltr'>ad</span> <span class='ocrx_word' id='word_1_61' title='bbox 1519 717 1606 744; x_wconf 89' lang='lat' dir='ltr'>menti</span> 
     </span>
     <span class='ocr_line' id='line_1_7' title="bbox 69 789 1606 834; baseline -0.005 -9"><span class='ocrx_word' id='word_1_62' title='bbox 69 797 182 834; x_wconf 84' lang='lat' dir='ltr'>apicem</span> <span class='ocrx_word' id='word_1_63' title='bbox 205 797 402 834; x_wconf 79' lang='lat' dir='ltr'>persequitur,</span> <span class='ocrx_word' id='word_1_64' title='bbox 439 795 594 832; x_wconf 77' lang='lat' dir='ltr'>inultisque</span> <span class='ocrx_word' id='word_1_65' title='bbox 625 793 664 822; x_wconf 81' lang='lat' dir='ltr'>ibi</span> <span class='ocrx_word' id='word_1_66' title='bbox 697 791 753 821; x_wconf 76' lang='lat' dir='ltr'>fitis</span> <span class='ocrx_word' id='word_1_67' title='bbox 788 793 904 821; x_wconf 86' lang='lat' dir='ltr'>iustruit</span> <span class='ocrx_word' id='word_1_68' title='bbox 938 795 1042 823; x_wconf 83' lang='lat' dir='ltr'>cutem.</span> <span class='ocrx_word' id='word_1_69' title='bbox 1085 792 1154 829; x_wconf 81' lang='lat' dir='ltr'>Quo</span> <span class='ocrx_word' id='word_1_70' title='bbox 1186 800 1221 819; x_wconf 85' lang='lat' dir='ltr'>ex</span> <span class='ocrx_word' id='word_1_71' title='bbox 1252 789 1377 819; x_wconf 82' lang='lat' dir='ltr'>decursu</span> <span class='ocrx_word' id='word_1_72' title='bbox 1413 789 1496 819; x_wconf 81' lang='lat' dir='ltr'>tacite</span> <span class='ocrx_word' id='word_1_73' title='bbox 1527 794 1606 829; x_wconf 83' lang='lat' dir='ltr'>patet</span> 
     </span>
     <span class='ocr_line' id='line_1_8' title="bbox 69 864 1606 908; baseline -0.004 -8"><span class='ocrx_word' id='word_1_74' title='bbox 69 880 137 900; x_wconf 73' lang='lat' dir='ltr'>esne</span> <span class='ocrx_word' id='word_1_75' title='bbox 159 870 235 900; x_wconf 86' lang='lat' dir='ltr'>huuc</span> <span class='ocrx_word' id='word_1_76' title='bbox 256 880 364 900; x_wconf 80' lang='lat' dir='ltr'>ramum</span> <span class='ocrx_word' id='word_1_77' title='bbox 387 869 524 905; x_wconf 85' lang='lat' dir='ltr'>eundem,</span> <span class='ocrx_word' id='word_1_78' title='bbox 560 878 645 908; x_wconf 86' lang='lat' dir='ltr'>quem</span> <span class='ocrx_word' id='word_1_79' title='bbox 668 868 822 897; x_wconf 87' lang='lat' dir='ltr'>mentalem</span> <span class='ocrx_word' id='word_1_80' title='bbox 844 868 872 896; x_wconf 89' lang='lat' dir='ltr'>in</span> <span class='ocrx_word' id='word_1_81' title='bbox 895 866 1073 903; x_wconf 84' lang='lat' dir='ltr'>Ecaudatis,</span> <span class='ocrx_word' id='word_1_82' title='bbox 1109 866 1283 895; x_wconf 81' lang='lat' dir='ltr'>alveolarem</span> <span class='ocrx_word' id='word_1_83' title='bbox 1312 868 1340 895; x_wconf 89' lang='lat' dir='ltr'>in</span> <span class='ocrx_word' id='word_1_84' title='bbox 1364 864 1556 895; x_wconf 83' lang='lat' dir='ltr'>Salamandra</span> <span class='ocrx_word' id='word_1_85' title='bbox 1578 869 1606 893; x_wconf 89' lang='lat' dir='ltr'>et</span> 
     </span>
     <span class='ocr_line' id='line_1_9' title="bbox 72 939 1606 980; baseline -0.005 -4"><span class='ocrx_word' id='word_1_86' title='bbox 72 945 192 976; x_wconf 83' lang='lat' dir='ltr'>Tritone</span> <span class='ocrx_word' id='word_1_87' title='bbox 214 947 439 975; x_wconf 78' lang='lat' dir='ltr'>nominavimus:</span> <span class='ocrx_word' id='word_1_88' title='bbox 475 943 596 973; x_wconf 88' lang='lat' dir='ltr'>eundem</span> <span class='ocrx_word' id='word_1_89' title='bbox 630 945 716 980; x_wconf 85' lang='lat' dir='ltr'>enim,</span> <span class='ocrx_word' id='word_1_90' title='bbox 751 945 776 972; x_wconf 90' lang='lat' dir='ltr'>si</span> <span class='ocrx_word' id='word_1_91' title='bbox 804 953 862 972; x_wconf 89' lang='lat' dir='ltr'>rem</span> <span class='ocrx_word' id='word_1_92' title='bbox 885 953 953 971; x_wconf 83' lang='lat' dir='ltr'>vere</span> <span class='ocrx_word' id='word_1_93' title='bbox 975 944 1175 979; x_wconf 69' lang='lat' dir='ltr'>aestimemus,</span> <span class='ocrx_word' id='word_1_94' title='bbox 1211 941 1298 971; x_wconf 83' lang='lat' dir='ltr'>habet</span> <span class='ocrx_word' id='word_1_95' title='bbox 1320 940 1486 976; x_wconf 86' lang='lat' dir='ltr'>decursum,</span> <span class='ocrx_word' id='word_1_96' title='bbox 1521 939 1606 969; x_wconf 90' lang='lat' dir='ltr'>modo</span> 
     </span>
     <span class='ocr_line' id='line_1_10' title="bbox 69 1015 1608 1057; baseline -0.004 -6"><span class='ocrx_word' id='word_1_97' title='bbox 69 1025 101 1051; x_wconf 80' lang='lat' dir='ltr'>ut</span> <span class='ocrx_word' id='word_1_98' title='bbox 122 1023 150 1051; x_wconf 90' lang='lat' dir='ltr'>iu</span> <span class='ocrx_word' id='word_1_99' title='bbox 173 1026 290 1051; x_wconf 86' lang='lat' dir='ltr'>externo</span> <span class='ocrx_word' id='word_1_100' title='bbox 314 1019 446 1050; x_wconf 80' lang='lat' dir='ltr'>maxillae</span> <span class='ocrx_word' id='word_1_101' title='bbox 468 1019 557 1049; x_wconf 87' lang='lat' dir='ltr'>latere</span> <span class='ocrx_word' id='word_1_102' title='bbox 579 1021 606 1048; x_wconf 91' lang='lat' dir='ltr'>in</span> <span class='ocrx_word' id='word_1_103' title='bbox 624 1018 841 1057; x_wconf 78' lang='lat' dir='ltr'>Hypochtlione</span> <span class='ocrx_word' id='word_1_104' title='bbox 864 1017 1074 1057; x_wconf 68' lang='lat' dir='ltr'>progrediatur,</span> <span class='ocrx_word' id='word_1_105' title='bbox 1098 1027 1185 1057; x_wconf 86' lang='lat' dir='ltr'>quum</span> <span class='ocrx_word' id='word_1_106' title='bbox 1208 1019 1236 1047; x_wconf 89' lang='lat' dir='ltr'>in</span> <span class='ocrx_word' id='word_1_107' title='bbox 1259 1015 1421 1046; x_wconf 86' lang='lat' dir='ltr'>Ecaudatis</span> <span class='ocrx_word' id='word_1_108' title='bbox 1443 1018 1471 1046; x_wconf 91' lang='lat' dir='ltr'>in</span> <span class='ocrx_word' id='word_1_109' title='bbox 1495 1017 1608 1045; x_wconf 80' lang='lat' dir='ltr'>interno</span> 
     </span>
     <span class='ocr_line' id='line_1_11' title="bbox 69 1093 1394 1136; baseline -0.002 -10"><span class='ocrx_word' id='word_1_110' title='bbox 69 1098 163 1135; x_wconf 85' lang='lat' dir='ltr'>ipsius</span> <span class='ocrx_word' id='word_1_111' title='bbox 185 1097 275 1126; x_wconf 84' lang='lat' dir='ltr'>latere</span> <span class='ocrx_word' id='word_1_112' title='bbox 297 1094 445 1136; x_wconf 84' lang='lat' dir='ltr'>procedat,</span> <span class='ocrx_word' id='word_1_113' title='bbox 467 1096 495 1124; x_wconf 86' lang='lat' dir='ltr'>in</span> <span class='ocrx_word' id='word_1_114' title='bbox 519 1093 752 1125; x_wconf 72' lang='lat' dir='ltr'>Salamandrini·</span> <span class='ocrx_word' id='word_1_115' title='bbox 774 1095 802 1123; x_wconf 83' lang='lat' dir='ltr'>in</span> <span class='ocrx_word' id='word_1_116' title='bbox 826 1095 891 1133; x_wconf 87' lang='lat' dir='ltr'>ipso</span> <span class='ocrx_word' id='word_1_117' title='bbox 915 1093 1050 1123; x_wconf 76' lang='lat' dir='ltr'>maxillae</span> <span class='ocrx_word' id='word_1_118' title='bbox 1072 1093 1165 1123; x_wconf 86' lang='lat' dir='ltr'>canali</span> <span class='ocrx_word' id='word_1_119' title='bbox 1189 1095 1229 1123; x_wconf 90' lang='lat' dir='ltr'>sit</span> <span class='ocrx_word' id='word_1_120' title='bbox 1250 1093 1394 1123; x_wconf 85' lang='lat' dir='ltr'>inclusus.</span> 
     </span>
    </p>

    <p class='ocr_par' dir='ltr' id='par_1_3' title="bbox 67 1166 1608 1888">
     <span class='ocr_line' id='line_1_12' title="bbox 228 1166 1608 1210; baseline -0.004 -10"><span class='ocrx_word' id='word_1_121' title='bbox 228 1171 345 1200; x_wconf 83' lang='lat' dir='ltr'>Nervus</span> <span class='ocrx_word' id='word_1_122' title='bbox 369 1170 495 1209; x_wconf 84' lang='lat' dir='ltr'>Vagus</span> <span class='ocrx_word' id='word_1_123' title='bbox 517 1171 665 1210; x_wconf 82' lang='lat' dir='ltr'>aliquanto</span> <span class='ocrx_word' id='word_1_124' title='bbox 687 1171 781 1208; x_wconf 81' lang='lat' dir='ltr'>magis</span> <span class='ocrx_word' id='word_1_125' title='bbox 803 1169 840 1199; x_wconf 87' lang='lat' dir='ltr'>ab</span> <span class='ocrx_word' id='word_1_126' title='bbox 862 1180 895 1199; x_wconf 82' lang='lat' dir='ltr'>ea</span> <span class='ocrx_word' id='word_1_127' title='bbox 918 1169 1004 1199; x_wconf 79' lang='lat' dir='ltr'>torma</span> <span class='ocrx_word' id='word_1_128' title='bbox 1028 1169 1130 1206; x_wconf 85' lang='lat' dir='ltr'>differt,</span> <span class='ocrx_word' id='word_1_129' title='bbox 1153 1178 1207 1208; x_wconf 83' lang='lat' dir='ltr'>qua</span> <span class='ocrx_word' id='word_1_130' title='bbox 1230 1170 1343 1208; x_wconf 84' lang='lat' dir='ltr'>priores</span> <span class='ocrx_word' id='word_1_131' title='bbox 1365 1166 1466 1197; x_wconf 90' lang='lat' dir='ltr'>ambae</span> <span class='ocrx_word' id='word_1_132' title='bbox 1488 1166 1608 1204; x_wconf 84' lang='lat' dir='ltr'>Amphi-</span> 
     </span>
     <span class='ocr_line' id='line_1_13' title="bbox 69 1242 1606 1284; baseline -0.004 -8"><span class='ocrx_word' id='word_1_133' title='bbox 69 1247 178 1276; x_wconf 87' lang='lat' dir='ltr'>hiorum</span> <span class='ocrx_word' id='word_1_134' title='bbox 212 1246 350 1276; x_wconf 87' lang='lat' dir='ltr'>nudorum</span> <span class='ocrx_word' id='word_1_135' title='bbox 384 1245 508 1276; x_wconf 76' lang='lat' dir='ltr'>familiae</span> <span class='ocrx_word' id='word_1_136' title='bbox 540 1251 609 1276; x_wconf 86' lang='lat' dir='ltr'>suut</span> <span class='ocrx_word' id='word_1_137' title='bbox 641 1244 800 1284; x_wconf 83' lang='lat' dir='ltr'>praeditae.</span> <span class='ocrx_word' id='word_1_138' title='bbox 842 1245 885 1274; x_wconf 89' lang='lat' dir='ltr'>Ex</span> <span class='ocrx_word' id='word_1_139' title='bbox 918 1247 1006 1275; x_wconf 85' lang='lat' dir='ltr'>cranii</span> <span class='ocrx_word' id='word_1_140' title='bbox 1040 1247 1114 1274; x_wconf 89' lang='lat' dir='ltr'>enim</span> <span class='ocrx_word' id='word_1_141' title='bbox 1148 1255 1220 1274; x_wconf 78' lang='lat' dir='ltr'>cavo</span> <span class='ocrx_word' id='word_1_142' title='bbox 1246 1253 1386 1282; x_wconf 87' lang='lat' dir='ltr'>egressus</span> <span class='ocrx_word' id='word_1_143' title='bbox 1408 1242 1444 1272; x_wconf 87' lang='lat' dir='ltr'>ad</span> <span class='ocrx_word' id='word_1_144' title='bbox 1466 1242 1606 1280; x_wconf 87' lang='lat' dir='ltr'>ganglion</span> 
     </span>
     <span class='ocr_line' id='line_1_14' title="bbox 67 1317 1606 1360; baseline -0.005 -9"><span class='ocrx_word' id='word_1_145' title='bbox 67 1331 200 1359; x_wconf 84' lang='lat' dir='ltr'>maguum</span> <span class='ocrx_word' id='word_1_146' title='bbox 233 1326 349 1350; x_wconf 80' lang='lat' dir='ltr'>ovatum</span> <span class='ocrx_word' id='word_1_147' title='bbox 382 1322 550 1350; x_wconf 83' lang='lat' dir='ltr'>intumescit</span> <span class='ocrx_word' id='word_1_148' title='bbox 563 1320 620 1357; x_wconf 73' lang='lat'>(4),</span> <span class='ocrx_word' id='word_1_149' title='bbox 654 1319 732 1359; x_wconf 86' lang='lat' dir='ltr'>quod</span> <span class='ocrx_word' id='word_1_150' title='bbox 765 1325 858 1350; x_wconf 77' lang='lat' dir='ltr'>strato</span> <span class='ocrx_word' id='word_1_151' title='bbox 887 1320 1060 1350; x_wconf 88' lang='lat' dir='ltr'>musculoso</span> <span class='ocrx_word' id='word_1_152' title='bbox 1083 1319 1259 1360; x_wconf 83' lang='lat' dir='ltr'>superficiali</span> <span class='ocrx_word' id='word_1_153' title='bbox 1283 1318 1402 1348; x_wconf 86' lang='lat' dir='ltr'>sublato</span> <span class='ocrx_word' id='word_1_154' title='bbox 1423 1317 1508 1348; x_wconf 83' lang='lat' dir='ltr'>facile</span> <span class='ocrx_word' id='word_1_155' title='bbox 1531 1326 1606 1355; x_wconf 91' lang='lat' dir='ltr'>pone</span> 
     </span>
     <span class='ocr_line' id='line_1_15' title="bbox 67 1393 1606 1435; baseline -0.004 -9"><span class='ocrx_word' id='word_1_156' title='bbox 67 1396 221 1435; x_wconf 80' lang='lat' dir='ltr'>labyrinthi</span> <span class='ocrx_word' id='word_1_157' title='bbox 257 1396 408 1434; x_wconf 82' lang='lat' dir='ltr'>capsulam</span> <span class='ocrx_word' id='word_1_158' title='bbox 444 1397 632 1433; x_wconf 83' lang='lat' dir='ltr'>conspicitur.</span> <span class='ocrx_word' id='word_1_159' title='bbox 675 1394 789 1424; x_wconf 80' lang='lat' dir='ltr'>Ramus</span> <span class='ocrx_word' id='word_1_160' title='bbox 821 1405 855 1424; x_wconf 84' lang='lat' dir='ltr'>ex</span> <span class='ocrx_word' id='word_1_161' title='bbox 887 1405 921 1424; x_wconf 91' lang='lat' dir='ltr'>eo</span> <span class='ocrx_word' id='word_1_162' title='bbox 953 1397 1081 1424; x_wconf 85' lang='lat' dir='ltr'>emissus</span> <span class='ocrx_word' id='word_1_163' title='bbox 1105 1397 1152 1434; x_wconf 88' lang='lat' dir='ltr'>qui</span> <span class='ocrx_word' id='word_1_164' title='bbox 1178 1397 1286 1433; x_wconf 85' lang='lat' dir='ltr'>primus</span> <span class='ocrx_word' id='word_1_165' title='bbox 1309 1395 1337 1423; x_wconf 91' lang='lat' dir='ltr'>iu</span> <span class='ocrx_word' id='word_1_166' title='bbox 1362 1393 1463 1423; x_wconf 85' lang='lat' dir='ltr'>oculos</span> <span class='ocrx_word' id='word_1_167' title='bbox 1485 1394 1606 1421; x_wconf 88' lang='lat' dir='ltr'>incurrit</span> 
     </span>
     <span class='ocr_line' id='line_1_16' title="bbox 69 1467 1607 1508; baseline -0.003 -7"><span class='ocrx_word' id='word_1_168' title='bbox 69 1475 117 1501; x_wconf 81' lang='lat' dir='ltr'>est</span> <span class='ocrx_word' id='word_1_169' title='bbox 139 1481 276 1500; x_wconf 78' lang='lat' dir='ltr'>nervus</span> <span class='ocrx_word' id='word_1_170' title='bbox 300 1470 473 1500; x_wconf 83' lang='lat' dir='ltr'>lateralis</span> <span class='ocrx_word' id='word_1_171' title='bbox 495 1470 646 1508; x_wconf 85' lang='lat' dir='ltr'>(superior</span> <span class='ocrx_word' id='word_1_172' title='bbox 657 1469 720 1507; x_wconf 88' lang='lat'>(5))</span> <span class='ocrx_word' id='word_1_173' title='bbox 744 1471 790 1507; x_wconf 90' lang='lat' dir='ltr'>qui</span> <span class='ocrx_word' id='word_1_174' title='bbox 814 1472 841 1498; x_wconf 89' lang='lat' dir='ltr'>in</span> <span class='ocrx_word' id='word_1_175' title='bbox 865 1469 939 1498; x_wconf 88' lang='lat' dir='ltr'>duos</span> <span class='ocrx_word' id='word_1_176' title='bbox 962 1479 1026 1498; x_wconf 84' lang='lat' dir='ltr'>mox</span> <span class='ocrx_word' id='word_1_177' title='bbox 1049 1471 1171 1506; x_wconf 89' lang='lat' dir='ltr'>partitur</span> <span class='ocrx_word' id='word_1_178' title='bbox 1192 1478 1289 1498; x_wconf 89' lang='lat' dir='ltr'>ramos</span> <span class='ocrx_word' id='word_1_179' title='bbox 1305 1471 1390 1508; x_wconf 86' lang='lat' dir='ltr'>aequi</span> <span class='ocrx_word' id='word_1_180' title='bbox 1407 1468 1464 1497; x_wconf 78' lang='lat' dir='ltr'>iere</span> <span class='ocrx_word' id='word_1_181' title='bbox 1484 1467 1607 1496; x_wconf 84' lang='lat' dir='ltr'>volumi-</span> 
     </span>
     <span class='ocr_line' id='line_1_17' title="bbox 67 1542 1605 1585; baseline -0.003 -9"><span class='ocrx_word' id='word_1_182' title='bbox 67 1549 113 1576; x_wconf 91' lang='lat' dir='ltr'>nis</span> <span class='ocrx_word' id='word_1_183' title='bbox 125 1547 180 1584; x_wconf 68' lang='lat'>(6).</span> <span class='ocrx_word' id='word_1_184' title='bbox 225 1546 353 1585; x_wconf 78' lang='lat' dir='ltr'>Uterque</span> <span class='ocrx_word' id='word_1_185' title='bbox 385 1556 402 1575; x_wconf 88' lang='lat' dir='ltr'>a</span> <span class='ocrx_word' id='word_1_186' title='bbox 434 1545 577 1575; x_wconf 85' lang='lat' dir='ltr'>musculis</span> <span class='ocrx_word' id='word_1_187' title='bbox 605 1544 774 1574; x_wconf 83' lang='lat' dir='ltr'>dorsalibus</span> <span class='ocrx_word' id='word_1_188' title='bbox 803 1544 962 1574; x_wconf 78' lang='lat' dir='ltr'>obvolutus</span> <span class='ocrx_word' id='word_1_189' title='bbox 985 1543 1020 1573; x_wconf 89' lang='lat' dir='ltr'>ad</span> <span class='ocrx_word' id='word_1_190' title='bbox 1043 1545 1191 1583; x_wconf 87' lang='lat' dir='ltr'>posterius</span> <span class='ocrx_word' id='word_1_191' title='bbox 1215 1542 1352 1580; x_wconf 84' lang='lat' dir='ltr'>decurrit,</span> <span class='ocrx_word' id='word_1_192' title='bbox 1375 1545 1414 1572; x_wconf 86' lang='lat' dir='ltr'>ita</span> <span class='ocrx_word' id='word_1_193' title='bbox 1438 1542 1552 1582; x_wconf 88' lang='lat' dir='ltr'>quidem</span> <span class='ocrx_word' id='word_1_194' title='bbox 1576 1546 1605 1570; x_wconf 88' lang='lat' dir='ltr'>ut</span> 
     </span>
     <span class='ocr_line' id='line_1_18' title="bbox 69 1617 1606 1661; baseline -0.003 -10"><span class='ocrx_word' id='word_1_195' title='bbox 69 1632 187 1661; x_wconf 78' lang='lat' dir='ltr'>parvum</span> <span class='ocrx_word' id='word_1_196' title='bbox 223 1621 327 1650; x_wconf 88' lang='lat' dir='ltr'>ambos</span> <span class='ocrx_word' id='word_1_197' title='bbox 363 1622 499 1658; x_wconf 87' lang='lat' dir='ltr'>seiungat</span> <span class='ocrx_word' id='word_1_198' title='bbox 534 1622 669 1660; x_wconf 84' lang='lat' dir='ltr'>spatium.</span> <span class='ocrx_word' id='word_1_199' title='bbox 712 1619 807 1658; x_wconf 80' lang='lat' dir='ltr'>Quem</span> <span class='ocrx_word' id='word_1_200' title='bbox 843 1624 938 1649; x_wconf 86' lang='lat' dir='ltr'>tamen</span> <span class='ocrx_word' id='word_1_201' title='bbox 973 1619 1115 1649; x_wconf 87' lang='lat' dir='ltr'>haberent</span> <span class='ocrx_word' id='word_1_202' title='bbox 1149 1618 1303 1648; x_wconf 85' lang='lat' dir='ltr'>decursum</span> <span class='ocrx_word' id='word_1_203' title='bbox 1339 1618 1441 1648; x_wconf 84' lang='lat' dir='ltr'>ramuli</span> <span class='ocrx_word' id='word_1_204' title='bbox 1474 1617 1509 1647; x_wconf 86' lang='lat' dir='ltr'>ab</span> <span class='ocrx_word' id='word_1_205' title='bbox 1533 1619 1606 1656; x_wconf 87' lang='lat' dir='ltr'>ipsis</span> 
     </span>
     <span class='ocr_line' id='line_1_19' title="bbox 69 1692 1607 1734; baseline -0.003 -7"><span class='ocrx_word' id='word_1_206' title='bbox 69 1699 180 1733; x_wconf 84' lang='lat' dir='ltr'>emissi,</span> <span class='ocrx_word' id='word_1_207' title='bbox 212 1696 248 1725; x_wconf 91' lang='lat' dir='ltr'>ob</span> <span class='ocrx_word' id='word_1_208' title='bbox 280 1697 395 1726; x_wconf 82' lang='lat' dir='ltr'>nimiam</span> <span class='ocrx_word' id='word_1_209' title='bbox 428 1705 525 1724; x_wconf 89' lang='lat' dir='ltr'>eorum</span> <span class='ocrx_word' id='word_1_210' title='bbox 558 1696 746 1733; x_wconf 82' lang='lat' dir='ltr'>exiguitatem</span> <span class='ocrx_word' id='word_1_211' title='bbox 779 1694 943 1734; x_wconf 83' lang='lat' dir='ltr'>disceptare</span> <span class='ocrx_word' id='word_1_212' title='bbox 975 1704 1032 1724; x_wconf 91' lang='lat' dir='ltr'>non</span> <span class='ocrx_word' id='word_1_213' title='bbox 1060 1696 1156 1733; x_wconf 86' lang='lat' dir='ltr'>potui:</span> <span class='ocrx_word' id='word_1_214' title='bbox 1180 1693 1207 1723; x_wconf 93' lang='lat' dir='ltr'>id</span> <span class='ocrx_word' id='word_1_215' title='bbox 1231 1697 1325 1723; x_wconf 89' lang='lat' dir='ltr'>autem</span> <span class='ocrx_word' id='word_1_216' title='bbox 1348 1692 1472 1722; x_wconf 87' lang='lat' dir='ltr'>alicuius</span> <span class='ocrx_word' id='word_1_217' title='bbox 1494 1692 1607 1722; x_wconf 85' lang='lat' dir='ltr'>videtur</span> 
     </span>
     <span class='ocr_line' id='line_1_20' title="bbox 67 1767 1605 1811; baseline -0.004 -8"><span class='ocrx_word' id='word_1_218' title='bbox 67 1775 212 1808; x_wconf 85' lang='lat' dir='ltr'>momenti,</span> <span class='ocrx_word' id='word_1_219' title='bbox 245 1770 323 1811; x_wconf 87' lang='lat' dir='ltr'>quod</span> <span class='ocrx_word' id='word_1_220' title='bbox 357 1770 499 1800; x_wconf 86' lang='lat' dir='ltr'>musculis</span> <span class='ocrx_word' id='word_1_221' title='bbox 531 1770 699 1800; x_wconf 82' lang='lat' dir='ltr'>dorsalibus</span> <span class='ocrx_word' id='word_1_222' title='bbox 729 1774 798 1800; x_wconf 86' lang='lat' dir='ltr'>sunt</span> <span class='ocrx_word' id='word_1_223' title='bbox 821 1769 950 1799; x_wconf 83' lang='lat' dir='ltr'>obvoluti</span> <span class='ocrx_word' id='word_1_224' title='bbox 973 1779 1067 1808; x_wconf 89' lang='lat' dir='ltr'>neque</span> <span class='ocrx_word' id='word_1_225' title='bbox 1090 1771 1148 1798; x_wconf 86' lang='lat' dir='ltr'>cuti</span> <span class='ocrx_word' id='word_1_226' title='bbox 1172 1768 1319 1798; x_wconf 82' lang='lat' dir='ltr'>detractae</span> <span class='ocrx_word' id='word_1_227' title='bbox 1341 1767 1509 1803; x_wconf 72' lang='lat' dir='ltr'>adhaerent,</span> <span class='ocrx_word' id='word_1_228' title='bbox 1531 1778 1605 1806; x_wconf 82' lang='lat' dir='ltr'>quae</span> 
     </span>
     <span class='ocr_line' id='line_1_21' title="bbox 68 1845 1271 1888; baseline -0.004 -10"><span class='ocrx_word' id='word_1_229' title='bbox 68 1848 182 1888; x_wconf 89' lang='lat' dir='ltr'>quidem</span> <span class='ocrx_word' id='word_1_230' title='bbox 207 1848 284 1876; x_wconf 86' lang='lat' dir='ltr'>nervi</span> <span class='ocrx_word' id='word_1_231' title='bbox 309 1845 439 1875; x_wconf 85' lang='lat' dir='ltr'>lateralis</span> <span class='ocrx_word' id='word_1_232' title='bbox 460 1845 603 1875; x_wconf 79' lang='lat' dir='ltr'>interioris</span> <span class='ocrx_word' id='word_1_233' title='bbox 625 1845 655 1882; x_wconf 84' lang='lat' dir='ltr'>(e</span> <span class='ocrx_word' id='word_1_234' title='bbox 676 1856 755 1875; x_wconf 88' lang='lat' dir='ltr'>ramo</span> <span class='ocrx_word' id='word_1_235' title='bbox 777 1846 937 1875; x_wconf 82' lang='lat' dir='ltr'>intestiuali</span> <span class='ocrx_word' id='word_1_236' title='bbox 961 1846 1097 1882; x_wconf 83' lang='lat' dir='ltr'>orientis)</span> <span class='ocrx_word' id='word_1_237' title='bbox 1121 1848 1167 1874; x_wconf 87' lang='lat' dir='ltr'>est</span> <span class='ocrx_word' id='word_1_238' title='bbox 1188 1846 1271 1873; x_wconf 83' lang='lat' dir='ltr'>ratio.</span> 
     </span>
    </p>
   </div>
   <div class='ocr_carea' id='block_1_3' title="bbox 229 1918 1604 1960">
    <p class='ocr_par' dir='ltr' id='par_1_4' title="bbox 229 1918 1604 1960">
     <span class='ocr_line' id='line_1_22' title="bbox 229 1918 1604 1960; baseline -0.004 -9"><span class='ocrx_word' id='word_1_239' title='bbox 229 1923 326 1951; x_wconf 79' lang='lat' dir='ltr'>Nervo</span> <span class='ocrx_word' id='word_1_240' title='bbox 360 1920 471 1951; x_wconf 83' lang='lat' dir='ltr'>laterali</span> <span class='ocrx_word' id='word_1_241' title='bbox 504 1921 654 1960; x_wconf 82' lang='lat' dir='ltr'>superiore</span> <span class='ocrx_word' id='word_1_242' title='bbox 686 1923 795 1950; x_wconf 87' lang='lat' dir='ltr'>emisso</span> <span class='ocrx_word' id='word_1_243' title='bbox 827 1931 934 1951; x_wconf 83' lang='lat' dir='ltr'>nervus</span> <span class='ocrx_word' id='word_1_244' title='bbox 967 1920 1072 1958; x_wconf 85' lang='lat' dir='ltr'>Vagus</span> <span class='ocrx_word' id='word_1_245' title='bbox 1107 1921 1206 1949; x_wconf 85' lang='lat' dir='ltr'>statim</span> <span class='ocrx_word' id='word_1_246' title='bbox 1235 1918 1321 1949; x_wconf 85' lang='lat' dir='ltr'>alium</span> <span class='ocrx_word' id='word_1_247' title='bbox 1345 1918 1402 1948; x_wconf 85' lang='lat' dir='ltr'>edit</span> <span class='ocrx_word' id='word_1_248' title='bbox 1426 1928 1534 1948; x_wconf 85' lang='lat' dir='ltr'>ramum</span> <span class='ocrx_word' id='word_1_249' title='bbox 1548 1918 1604 1955; x_wconf 85' lang='lat'>(7),</span> 
     </span>
    </p>
   </div>
   <div class='ocr_carea' id='block_1_4' title="bbox 226 2129 501 2271">
    <p class='ocr_par' dir='ltr' id='par_1_5' title="bbox 226 2129 501 2271">
     <span class='ocr_line' id='line_1_23' title="bbox 227 2129 439 2164; baseline -0.005 -8"><span class='ocrx_word' id='word_1_250' title='bbox 227 2133 266 2162; x_wconf 84' lang='lat'>(1)</span> <span class='ocrx_word' id='word_1_251' title='bbox 288 2129 345 2164; x_wconf 67' lang='lat' dir='ltr'>mg.</span> <span class='ocrx_word' id='word_1_252' title='bbox 369 2131 390 2156; x_wconf 83' lang='lat'>1.</span> <span class='ocrx_word' id='word_1_253' title='bbox 413 2130 439 2155; x_wconf 85' lang='lat' dir='ltr'>d.</span> 
     </span>
     <span class='ocr_line' id='line_1_24' title="bbox 226 2183 428 2218; baseline -0.01 -8"><span class='ocrx_word' id='word_1_254' title='bbox 226 2185 265 2216; x_wconf 61' lang='grc' dir='ltr'>(ι’)</span> <span class='ocrx_word' id='word_1_255' title='bbox 286 2183 345 2218; x_wconf 82' lang='lat' dir='ltr'>Fig.</span> <span class='ocrx_word' id='word_1_256' title='bbox 368 2184 390 2215; x_wconf 85' lang='lat'>1,</span> <span class='ocrx_word' id='word_1_257' title='bbox 411 2183 428 2209; x_wconf 77' lang='lat' dir='ltr'>f.</span> 
     </span>
     <span class='ocr_line' id='line_1_25' title="bbox 228 2235 501 2271; baseline -0.007 -7"><span class='ocrx_word' id='word_1_258' title='bbox 228 2237 266 2268; x_wconf 85' lang='lat'>(3)</span> <span class='ocrx_word' id='word_1_259' title='bbox 287 2236 345 2271; x_wconf 66' lang='lat' dir='ltr'>mg.</span> <span class='ocrx_word' id='word_1_260' title='bbox 367 2236 389 2267; x_wconf 76' lang='grc' dir='ltr'>ι,</span> <span class='ocrx_word' id='word_1_261' title='bbox 410 2244 436 2270; x_wconf 82' lang='lat' dir='ltr'>g,</span> <span class='ocrx_word' id='word_1_262' title='bbox 457 2235 501 2263; x_wconf 83' lang='lat' dir='ltr'>dd.</span> 
     </span>
    </p>
   </div>
   <div class='ocr_carea' id='block_1_5' title="bbox 227 2288 618 2484">
    <p class='ocr_par' dir='ltr' id='par_1_6' title="bbox 228 2288 618 2376">
     <span class='ocr_line' id='line_1_26' title="bbox 230 2288 618 2322; baseline -0.008 -6"><span class='ocrx_word' id='word_1_263' title='bbox 230 2292 268 2322; x_wconf 73' lang='lat'>(4)</span> <span class='ocrx_word' id='word_1_264' title='bbox 289 2289 356 2317; x_wconf 85' lang='lat' dir='ltr'>Tab.</span> <span class='ocrx_word' id='word_1_265' title='bbox 378 2289 423 2316; x_wconf 92' lang='lat' dir='ltr'>lll.</span> <span class='ocrx_word' id='word_1_266' title='bbox 457 2288 515 2322; x_wconf 78' lang='lat' dir='ltr'>Fig.</span> <span class='ocrx_word' id='word_1_267' title='bbox 537 2288 555 2316; x_wconf 78' lang='lat' dir='ltr'>l,</span> <span class='ocrx_word' id='word_1_268' title='bbox 578 2289 618 2314; x_wconf 85' lang='lat'>10.</span> 
     </span>
     <span class='ocr_line' id='line_1_27' title="bbox 228 2343 435 2376; baseline -0.01 -7"><span class='ocrx_word' id='word_1_269' title='bbox 228 2344 266 2374; x_wconf 86' lang='lat'>(5)</span> <span class='ocrx_word' id='word_1_270' title='bbox 286 2343 345 2376; x_wconf 71' lang='lat' dir='ltr'>Fig.</span> <span class='ocrx_word' id='word_1_271' title='bbox 368 2344 389 2370; x_wconf 90' lang='lat'>1.</span> <span class='ocrx_word' id='word_1_272' title='bbox 410 2351 435 2368; x_wconf 82' lang='lat'>0.</span> 
     </span>
    </p>

    <p class='ocr_par' dir='ltr' id='par_1_7' title="bbox 227 2393 490 2430">
     <span class='ocr_line' id='line_1_28' title="bbox 227 2393 490 2430; baseline 0 -8"><span class='ocrx_word' id='word_1_273' title='bbox 227 2396 266 2427; x_wconf 80' lang='grc'>(6)</span> <span class='ocrx_word' id='word_1_274' title='bbox 286 2396 344 2430; x_wconf 81' lang='lat' dir='ltr'>Fig.</span> <span class='ocrx_word' id='word_1_275' title='bbox 367 2397 389 2427; x_wconf 73' lang='lat'>1,</span> <span class='ocrx_word' id='word_1_276' title='bbox 411 2393 436 2426; x_wconf 86' lang='grc' dir='ltr'>ὁ,</span> <span class='ocrx_word' id='word_1_277' title='bbox 457 2393 490 2422; x_wconf 69' lang='lat' dir='ltr'>o&#39;.</span> 
     </span>
    </p>

    <p class='ocr_par' dir='ltr' id='par_1_8' title="bbox 228 2449 434 2484">
     <span class='ocr_line' id='line_1_29' title="bbox 228 2449 434 2484; baseline 0 -8"><span class='ocrx_word' id='word_1_278' title='bbox 228 2451 266 2481; x_wconf 86' lang='lat'>(7)</span> <span class='ocrx_word' id='word_1_279' title='bbox 286 2449 345 2484; x_wconf 69' lang='lat' dir='ltr'>Fig.</span> <span class='ocrx_word' id='word_1_280' title='bbox 369 2450 389 2475; x_wconf 85' lang='grc' dir='ltr'>ι.</span> <span class='ocrx_word' id='word_1_281' title='bbox 410 2450 434 2476; x_wconf 77' lang='grc'>9,</span> 
     </span>
    </p>
   </div>
   <div class='ocr_carea' id='block_1_6' title="bbox 1749 1808 1977 1833">
    <p class='ocr_par' dir='ltr' id='par_1_9' title="bbox 1749 1808 1977 1833">
     <span class='ocr_line' id='line_1_30' title="bbox 1749 1808 1977 1833; baseline 0.009 -3"><span class='ocrx_word' id='word_1_282' title='bbox 1749 1812 1791 1830; x_wconf 49' lang='lat' dir='ltr'>au</span> <span class='ocrx_word' id='word_1_283' title='bbox 1796 1808 1893 1833; x_wconf 45' lang='lat' dir='ltr'>«uxssn&#39;</span> <span class='ocrx_word' id='word_1_284' title='bbox 1933 1820 1939 1831; x_wconf 66' lang='grc' dir='ltr'>ι</span> <span class='ocrx_word' id='word_1_285' title='bbox 1969 1825 1977 1832; x_wconf 90' lang='grc'><em>,</em></span> 
     </span>
    </p>
   </div>
  </div>
 </body>
</html>
