2149 3261
1228 278 1312 322 24

508 418 672 455 praemium.
715 413 852 451 Magnam
888 414 963 441 euim
1000 409 1221 440 Salamandrina
1257 418 1322 438 cum
1349 407 1511 438 Ecaudatis
1534 408 1579 445 (ut
1601 408 1717 447 quidem
1739 413 1965 439 consentaneum
1988 414 2035 440 est

508 493 534 520 in
572 489 684 519 duabus
721 487 795 517 adeo
831 486 965 517 affinibus
997 485 1126 522 familiis)
1161 483 1345 513 ostendentia
1378 483 1607 521 similitudinem,
1630 484 1718 514 multa
1741 487 1849 522 tamen,
1870 484 1976 524 quibus
1998 485 2033 514 ab

508 564 589 593 hisce
620 563 762 599 differant,
794 562 930 592 exhibent
962 560 1137 596 discrimina,
1164 569 1256 597 eaque
1277 562 1335 588 tam
1358 560 1493 597 insignia,
1514 563 1612 598 atque,
1635 563 1666 589 ut
1688 561 1726 589 ita
1749 558 1853 596 dicam,
1874 559 2037 596 fructuosa,

507 643 538 668 ut
559 640 683 668 omnium
706 638 830 674 illorum,
852 647 926 676 quae
947 634 1161 665 Eeaudatorum
1185 643 1291 663 nervos
1312 633 1567 664 considerantibus
1589 634 1674 664 nobis
1695 644 1729 664 se
1761 635 1894 671 offerunt,
1916 635 2032 674 proble-

509 719 614 744 matum
650 717 678 743 et
713 714 795 752 quasi
831 713 1034 750 aenigmatum,
1072 708 1267 749 comparando
1300 708 1446 739 secundae
1468 708 1592 738 familiae
1612 712 1772 747 systemate
1794 719 1929 745 nervoso,
1951 709 2036 739 facile

510 790 693 818 inveniantur
715 789 890 819 solutiones.

669 863 745 902 lpsis
768 866 873 898 autem,
896 872 1017 901 quorum
1042 860 1126 889 modo
1149 860 1322 889 mentionem
1345 858 1466 889 fecimus
1488 860 1602 896 magnis
1629 858 1845 889 discriminibus
1872 837 2037 889 necessitas

510 938 594 968 nobis
626 940 791 978 imponitur,
824 936 955 973 eandem,
988 946 1072 975 quam
1106 939 1190 964 antea
1219 943 1320 963 sumus
1342 936 1498 974 persecuti,
1519 935 1594 964 viam
1616 933 1807 972 ingrediendi,
1829 944 1890 963 eam
1913 933 2038 973 quidem,

509 1018 540 1043 ut
575 1012 785 1042 Salamandrae
822 1013 919 1041 nervis
956 1010 1154 1041 cerebralibus
1191 1009 1309 1039 uberius
1341 1008 1495 1048 descriptis
1521 1008 1648 1038 breviter
1669 1019 1702 1039 ea
1725 1019 1912 1049 exponamus,
1934 1007 2039 1049 qu'ibus

509 1087 640 1117 Tritonis
662 1091 792 1126 systema
818 1097 971 1116 nervosum
994 1086 1029 1115 ab
1053 1085 1131 1114 illius
1154 1086 1271 1123 generis
1294 1084 1382 1114 [orma
1405 1082 1525 1115 differat.

1234 1195 1259 1232 ᾗ.
1301 1194 1329 1226 9.

668 1272 808 1310 Origines
845 1281 996 1300 nervorum
1031 1269 1218 1300 cerebralium
1251 1267 1461 1299 salamandrae
1483 1269 1531 1307 (S.
1553 1269 1714 1306 terrestris)
1736 1271 1761 1299 si
1784 1272 1903 1308 primum
1926 1274 2041 1308 specta-

511 1358 585 1385 mus,
618 1348 708 1377 multa
745 1348 930 1376 inveniuntur
963 1346 1067 1385 quibus
1100 1345 1137 1374 ab
1160 1345 1373 1375 Ecaudatorum
1396 1348 1464 1383 typo
1486 1344 1539 1372 hoc
1560 1353 1653 1382 genus
1675 1343 1802 1376 recedat.
1845 1343 2041 1383 Complurium

510 1426 584 1452 enim
608 1432 759 1451 nervorum
783 1421 909 1456 radices,
931 1419 1008 1459 apud
1031 1419 1079 1449 illa
1101 1421 1283 1455 coniunctae,
1305 1418 1414 1448 liberae
1436 1419 1474 1448 ibi
1497 1422 1564 1448 sunt
1587 1423 1615 1448 et
1637 1423 1820 1456 segregatae,
1847 1421 1884 1448 ita
1908 1424 1939 1448 ut
1961 1429 2041 1458 spem

510 1497 575 1527 inde
608 1497 820 1535 concipiamus,
858 1505 1010 1523 nervorum
1044 1493 1119 1532 apud
1143 1492 1293 1523 Ecaudata
1317 1495 1535 1522 coniunctorum
1560 1497 1688 1522 naturam
1712 1493 1921 1523 Salamandrae
1943 1498 2039 1533 syste-

510 1573 595 1601 matis
618 1572 735 1600 nervosi
760 1571 976 1608 comparatione
999 1567 1207 1605 cognoscendi.

671 1645 879 1674 Oculomotorii
904 1643 1047 1680 origo(l)
1070 1642 1190 1672 eandem
1212 1642 1333 1681 praebet
1365 1644 1502 1679 speciem,
1536 1653 1620 1682 quam
1643 1642 1718 1682 apud
1746 1642 1893 1680 Rusonem,
1919 1643 2041 1681 Ranam,

512 1722 614 1761 Hylam
651 1723 716 1756 cet.,
740 1717 840 1747 eodem
864 1717 947 1747 modo
971 1729 1026 1757 quo
1049 1718 1108 1747 illic
1130 1728 1146 1747 a
1169 1717 1274 1748 finibus
1297 1728 1408 1746 crurum
1432 1717 1551 1753 cerebri,
1573 1722 1650 1746 tecta
1673 1728 1689 1746 a
1711 1717 1812 1747 tubere
1833 1720 1958 1755 cinereo,
1993 1729 2043 1749 na-

510 1806 607 1831 scens,
640 1804 696 1832 quo
730 1792 847 1822 sublato
881 1793 964 1822 facile
998 1795 1089 1832 ipsam
1123 1794 1190 1822 oriri
1224 1792 1346 1821 videbis.
1388 1792 1559 1821 Extrorsum
1593 1803 1625 1821 se
1649 1799 1822 1821 convertens
1845 1793 2040 1832 perforamen

511 1881 584 1909 pone
605 1869 733 1898 foramen
758 1870 884 1906 opticum
907 1870 1031 1907 positum
1056 1870 1143 1897 cranii
1166 1878 1268 1897 cavum
1293 1867 1413 1897 excedit.

674 1942 759 1972 Paris
792 1945 883 1981 quarti
907 1943 1031 1972 radicem
1065 1952 1175 1971 summa
1201 1943 1330 1972 adhibita
1354 1952 1420 1971 cura
1445 1952 1489 1971 me
1511 1943 1639 1971 invenire
1662 1953 1717 1971 uon
1742 1945 1872 1981 potuisse
1895 1944 2043 1980 confiteor,

512 2126 570 2153 ruit,
591 2132 678 2157 neque
709 2124 786 2148 eliam
817 2123 965 2157 perdoctus
986 2124 1025 2148 vir
1046 2121 1120 2148 ank
1140 2123 1164 2147 in
1185 2121 1252 2148 libro
1272 2130 1322 2147 suo
1344 2121 1376 2146 de
1396 2121 1586 2147 salamandrae
1607 2123 1743 2147 terrestris
1765 2121 1874 2148 historia
1901 2127 1926 2148 et
1951 2127 2042 2149 anato-

512 2179 560 2204 mia
591 2178 667 2203 ullam
699 2175 754 2202 fere
783 2175 974 2202 Salamandrae
1003 2184 1144 2201 nervorum
1178 2175 1240 2201 facit
1270 2176 1437 2202 mentionem.
1477 2174 1527 2207 Qui
1556 2174 1661 2209 quidem
1691 2175 1757 2201 solis
1787 2175 1931 2210 descriptis
1951 2178 2042 2202 nervis

512 2232 601 2264 optico
630 2233 658 2255 et
687 2229 829 2255 olfactorio
862 2230 910 2254 ait:
941 2229 1041 2259 „Hisce
1061 2229 1175 2260 duobus,
1196 2236 1266 2263 quos
1286 2236 1356 2254 nunc
1376 2229 1578 2254 commemoravi
1598 2229 1687 2254 nervis
1706 2230 1840 2263 exceptis,
1860 2233 1969 2256 ceteros
1989 2231 2041 2256 vidi

512 2283 644 2318 „quidem
673 2283 721 2307 sunl
751 2281 785 2307 ob
815 2281 986 2308 subtilitatem
1008 2283 1133 2317 persequi
1154 2290 1205 2308 non
1228 2282 1370 2316 potui.“(!)
1409 2280 1505 2315 Neque
1526 2282 1604 2307 etiam
1624 2290 1663 2313 ea,
1684 2290 1753 2316 quae
1772 2282 1948 2309 doctissimus
1967 2282 2041 2317 Vogt

513 2337 546 2362 «le
574 2335 764 2363 Salamandme
793 2336 883 2360 nervis
903 2335 1021 2361 breviter
1041 2336 1169 2362 disseruit
1188 2336 1255 2361 satis
1275 2338 1400 2360 accurate
1421 2337 1483 2360 sunt
1503 2334 1652 2369 explorata,
1672 2336 1747 2361 cuius
1773 2339 1859 2361 tamen
1885 2337 1921 2362 rei
1941 2344 2039 2362 caussa

512 2390 536 2416 in
555 2398 588 2416 eo
610 2390 729 2416 fortasse
754 2393 795 2414 est
817 2390 914 2422 posita,
936 2389 1008 2423 qnod
1028 2397 1106 2415 unum
1127 2391 1227 2414 tantum
1247 2387 1324 2413 liuius
1345 2387 1452 2422 Reptilii
1473 2388 1620 2422 exemplum
1640 2389 1691 2423 ipsi
1710 2389 1874 2423 investigare
1894 2388 1997 2415 licebat.

672 2443 710 2473 (1)
732 2441 798 2469 Tab.
819 2441 850 2467 ll⁴
873 2442 913 2476 ng.
936 2441 967 2474 ll,
988 2442 1013 2469 3.
