2149 3261
826 254 909 299 27

100 391 182 428 ipsos
205 398 310 418 nervos
333 387 555 418 considerantes
578 398 724 417 numerum
748 397 890 417 ramorum
913 398 928 417 e
951 389 1028 426 paris
1050 387 1141 426 quinti
1164 386 1283 425 ganglio
1305 387 1478 417 emissorum
1496 387 1632 415 minorem

102 465 264 493 invenimus
297 473 381 503 quam
414 465 440 493 in
464 463 531 494 illis.
573 462 641 492 Duo
665 464 738 492 enim
761 467 871 492 tantum
893 463 963 492 rami
986 463 1014 491 in
1037 461 1232 492 salamandra
1254 472 1289 491 ex
1313 461 1483 500 Trigemino
1506 471 1632 491 nascun-

99 543 152 575 tur,
186 548 283 568 ramus
318 538 429 568 nasalis
464 542 492 567 et
527 547 624 567 ramus
659 537 824 574 maxillaris,
859 538 941 566 cuius
977 537 1118 566 imminuti
1147 537 1256 566 numeri
1282 546 1417 566 caussam
1441 536 1538 576 paullo
1559 536 1630 566 inira

100 623 324 652 cognoscemus.

257 687 368 718 Ramus
401 687 510 717 nas-alis
523 686 580 724 (l),
613 685 727 725 quando
758 696 793 715 ex
825 686 943 724 ganglio
975 690 1021 715 est
1052 689 1144 722 ortus,
1175 688 1236 714 tres
1272 687 1369 715 statim
1393 687 1500 715 emittit
1522 695 1629 725 parvos

101 773 207 800 ramos,
239 773 355 801 quorum
389 773 473 798 nnus,
505 761 540 791 ad
577 762 712 800 superius
745 765 772 790 et
806 762 932 790 exterius
955 760 1045 790 ssexus
1069 760 1230 790 musculum
1252 765 1361 790 rectum
1384 762 1563 799 superiorem
1587 762 1629 790 in-

97 841 184 868 struit
220 839 327 874 nervis,
363 837 494 876 idemque
529 839 574 866 est
609 846 728 872 nervus,
765 846 848 875 quem
871 835 907 865 ad
934 835 1187 866 Oculomotorium
1210 837 1355 875 pertinere
1377 845 1465 875 supra
1489 835 1627 872 diximus3

97 912 246 944 secundus
272 917 432 942 antrorsnm
466 915 492 940 et
526 915 689 940 extrorsum
722 921 900 950 progressus
934 913 1070 941 anteriori
1102 911 1259 951 palpebrae
1283 912 1441 950 superioris
1463 912 1537 950 parti
1560 921 1627 950 sup-

96 988 207 1028 peditat
239 998 359 1024 nervos3
392 988 504 1023 tertius,
539 985 669 1015 secundo
696 985 852 1016 admodum
876 988 1054 1026 propinquus
1076 985 1111 1016 ad
1135 987 1298 1016 musculum
1322 986 1469 1026 obliquum
1493 988 1626 1026 superio<

91 1074 150 1093 rem
185 1062 366 1100 acceditffl).
408 1062 466 1100 Qui
503 1060 618 1100 quidem
654 1064 678 1091 is
714 1061 827 1091 ridetur
862 1072 930 1092 esse
964 1071 1062 1092 ramus
1097 1063 1146 1101 qui
1182 1072 1271 1092 nervo
1294 1061 1448 1092 Pathetico
1470 1072 1533 1092 cum
1557 1072 1625 1100 pare

92 1140 202 1178 quinto,
225 1142 256 1167 ut
278 1147 364 1176 supra
388 1138 585 1176 exposuimus,
608 1140 764 1166 coniuncto
786 1136 972 1176 respondeat.
996 1156 1032 1162 -

249 1213 360 1242 Ramus
393 1212 503 1242 nasalis
536 1211 640 1241 deinde
672 1212 707 1242 ad
740 1214 914 1242 anteriorem
944 1212 1055 1241 orbitae
1084 1217 1193 1251 partem
1218 1211 1358 1252 procedit,
1381 1212 1477 1250 ibique
1499 1214 1526 1242 iu
1550 1212 1624 1242 duos

91 1290 214 1328 partitur
245 1298 353 1323 ramos,
385 1297 504 1326 quorum
527 1291 649 1327 uterque
671 1298 736 1317 mox
757 1289 784 1317 in
808 1287 881 1317 duas
903 1286 1042 1317 dividitur
1063 1291 1171 1326 partes,
1195 1289 1234 1317 ita
1257 1291 1287 1317 ut
1310 1290 1337 1317 iu
1360 1291 1496 1326 quattuor
1519 1297 1623 1317 nervos

89 1363 253 1393 dissolutus
275 1372 372 1391 ramus
401 1362 511 1390 nasalis
534 1361 573 1390 ibi
597 1363 800 1401 conspiciatur.
843 1361 911 1391 Duo
933 1361 970 1391 ad
993 1365 1120 1392 exterius
1142 1362 1294 1392 flectuntur
1316 1366 1470 1402 cutemque
1492 1363 1624 1392 maxillae

88 1438 247 1477 superioris
279 1435 434 1475 provident
466 1437 575 1472 nervis,
608 1438 711 1465 tertius
744 1440 771 1465 et
804 1440 924 1475 quartus
957 1436 993 1466 ad
1026 1438 1157 1466 anterius
1179 1447 1212 1466 se
1235 1441 1453 1474 convertentes,
1475 1438 1531 1467 sub
1553 1447 1622 1467 osse

86 1513 179 1543 nasali
215 1509 447 1551 progrediuntur,
481 1511 553 1539 alter
585 1509 620 1540 ad
654 1510 803 1540 musculos
837 1512 948 1540 narium
971 1509 1127 1547 accedenS,
1151 1511 1226 1540 alter
1249 1521 1344 1551 usque
1365 1511 1402 1541 ad
1424 1514 1536 1551 apicem
1559 1514 1621 1542 nasi

89 1588 288 1628 proficiscens,
311 1587 338 1615 in
362 1590 428 1615 cute
451 1587 543 1624 ipsius
565 1584 720 1617 finiendus,

246 1661 359 1691 Ramus
381 1660 538 1690 maxillaris
553 1660 617 1698 (3),
646 1659 761 1690 duobus
782 1662 881 1700 parvis
905 1659 941 1690 ad
974 1659 1125 1689 musculos
1159 1661 1377 1689 massetericum
1411 1665 1440 1689 et
1471 1661 1621 1691 irontalem

86 1739 204 1768 emissis
228 1737 340 1772 nervis,
376 1737 404 1764 in
427 1734 500 1764 duos
527 1745 591 1764 mox
623 1738 744 1775 partitur
776 1746 887 1772 ramos,
923 1735 1098 1765 maxillarem
1126 1736 1304 1774 superiorem
1327 1739 1355 1764 et
1378 1736 1552 1765 maxillarum
1576 1739 1618 1766 in—

84 1814 225 1844 feriorem.

246 1885 329 1915 Prior
351 1884 481 1914 secundo
504 1885 594 1915 multo
617 1887 730 1915 tenuior
761 1888 835 1914 inter
867 1886 1052 1925 temporalem
1086 1890 1115 1914 et
1147 1887 1369 1914 massetericum
1403 1885 1550 1915 musculos
1572 1896 1619 1915 ex-

84 1969 207 1994 trorsum
230 1959 376 2001 procedit,
410 1961 537 1990 ramulos
560 1959 699 1999 quosdam
732 1970 838 2000 parvos
870 1961 897 1989 in
920 1960 1087 1999 palpebram
1120 1960 1281 1989 inferiorem
1314 1962 1431 1996 emittit,
1467 1965 1495 1989 et
1517 1960 1618 1990 eodem

82 2039 141 2070 fere
174 2036 272 2072 modo,
309 2046 365 2075 quo
398 2037 425 2064 in
449 2035 562 2064 Bulone
595 2037 668 2065 inter
700 2035 813 2065 oculum
847 2046 1077 2076 processumque
1108 2035 1330 2075 postorbitalem
1355 2035 1517 2074 (Rusconi)
1540 2038 1618 2066 ossis

83 2114 214 2154 quadrati
237 2117 398 2140 antrorsum
424 2111 614 2150 progreditur,
638 2110 684 2140 fila
708 2113 843 2140 continuo
867 2113 965 2141 tennIa
988 2113 1014 2140 in
1039 2117 1132 2141 cutem
1157 2113 1300 2141 emittens.

242 2267 281 2298 (1)
302 2265 367 2293 Tab.
389 2266 420 2297 ll,
441 2266 484 2300 fig.
506 2265 538 2296 ΙΙ,
559 2273 582 2292 a.

242 2320 281 2349 (⁴2)
302 2318 419 2345 Tertium
449 2319 518 2344 hunc
539 2327 637 2345 ramum
659 2319 814 2345 fasciculum
836 2319 965 2346 interdum
987 2320 1110 2354 exiguum
1131 2327 1146 2346 a
1167 2319 1288 2346 secundo
1309 2318 1401 2346 horum
1421 2327 1553 2347 ramorum
1573 2329 1616 2347 ex-

83 2375 173 2408 cipere
193 2373 244 2398 vidi
264 2373 297 2398 ef.
318 2372 384 2400 Tab.
405 2371 435 2398 ll.
457 2372 500 2406 fig.
522 2372 552 2399 ll.
572 2372 588 2388 ἦ

239 2426 277 2457 (3)
298 2425 363 2454 Tab.
384 2425 413 2457 11,
436 2426 477 2460 fig.
500 2425 532 2457 ll,
553 2434 576 2453 e.

1372 2471 1403 2496 μ
