2149 3261
799 277 883 322 25

76 407 153 437 unde
183 407 294 437 huncce
325 417 443 437 nervum
477 418 540 438 cum
575 418 643 448 pare
674 411 775 448 quinto
797 411 825 439 in
847 409 1040 440 Salamandra
1070 413 1252 441 coniunctum
1277 421 1346 441 esse
1367 412 1500 448 arbitror,
1521 421 1604 451 prae-

75 484 174 512 sertim
210 492 295 521 quum
331 483 458 529 ramulps
495 484 655 514 musculum
689 484 836 524 obliquum
872 486 1050 524 superiorem
1083 487 1180 515 nervis
1202 488 1348 516 instruens
1371 497 1386 516 a
1411 496 1491 517 ramo
1513 486 1606 516 nasali

83 556 240 596 Trigemiui
263 560 418 589 emittatur.

234 632 384 662 Summum
405 636 501 662 autem
524 635 602 662 nervi
626 633 782 672 Trigemini
806 634 887 670 origo
908 632 944 662 ab
968 632 1184 663 Ecaudatorum
1210 633 1298 664 forma
1314 634 1429 664 exhibet
1445 635 1608 672 discrimen,

80 709 185 746 quippe
218 717 290 746 quae
317 707 407 737 multo
429 708 589 747 simplicior
610 710 637 737 in
660 707 851 737 Salamandra
873 709 1047 739 inveniatur.
1089 708 1192 748 Neque
1214 711 1287 740 enim
1309 720 1361 750 par
1382 714 1506 748 sextum,
1528 715 1560 740 ut
1581 713 1608 740 in

79 782 225 821 plerisque
257 782 382 819 illorum,
413 793 477 812 cum
510 783 594 812 buius
621 784 700 812 nervi
722 782 841 821 gangtio
864 782 1014 819 coalescit,
1036 793 1130 823 neque
1151 786 1237 815 etiam
1260 784 1385 815 radicem
1408 785 1445 815 ab
1476 787 1610 816 Acustici

80 858 190 895 origine
222 859 250 886 iu
283 859 377 896 ipsum
409 860 544 887 emissam
573 859 754 896 repperimus
776 862 896 894 tantam,
919 862 1055 898 quantam
1077 861 1105 888 in
1128 860 1262 890 omnibus
1284 860 1445 890 Ecaudatis
1469 860 1610 891 videmus.

80 931 193 968 Solum,
225 931 299 971 quod
332 935 443 971 praeter
470 933 547 970 paris
570 934 660 972 quinti
683 932 808 963 radicem
832 934 885 963 boc
906 934 1043 972 ganglion
1065 936 1171 974 excipit
1193 939 1239 964 est
1259 937 1356 965 tenuis
1379 936 1461 966 radix
1483 946 1500 966 a
1522 946 1611 966 nervo

78 1006 187 1036 Faciali
211 1009 238 1035 in
265 1009 358 1045 ipsum
390 1008 496 1036 emissa
510 1007 567 1044 (1),
606 1011 662 1037 tam
695 1008 811 1038 subtilis
844 1019 876 1038 ea
909 1020 944 1038 ac
976 1014 1032 1039 tam
1056 1020 1154 1049 parva,
1177 1021 1261 1050 qnam
1285 1010 1469 1041 solummodo
1491 1021 1506 1040 a
1530 1015 1611 1050 tergo

81 1084 177 1111 cranio
199 1087 298 1120 aperto
322 1082 414 1111 bonae
438 1082 524 1111 lentis
547 1092 602 1121 ope
625 1093 744 1112 cernere
766 1086 875 1123 possis.
918 1083 1016 1123 ipsius
1041 1087 1119 1124 paris
1141 1087 1232 1125 quinti
1255 1084 1336 1115 radix
1349 1086 1396 1122 (2)
1419 1085 1457 1115 ab
1479 1090 1613 1122 extremo,

80 1161 111 1186 ut
142 1159 170 1186 in
203 1156 369 1192 licentiatis,
401 1158 552 1196 superiore
585 1157 729 1188 medullae
761 1158 934 1197 oblongatae
964 1163 1091 1199 margine
1114 1163 1245 1190 nascitur
1266 1163 1297 1190 et
1318 1165 1484 1190 antrorsum
1507 1166 1614 1191 extror-

82 1241 203 1270 sumque
235 1231 396 1270 procedens
429 1234 457 1262 in
484 1233 623 1270 ganglion
646 1235 721 1263 satis
745 1237 932 1273 conspicuum
956 1237 1136 1272 intumescit,
1158 1235 1195 1265 ab
1219 1236 1286 1274 ipso
1307 1235 1366 1265 fere
1388 1235 1536 1273 toramine,
1556 1247 1614 1274 quo

83 1309 172 1336 cranii
193 1308 346 1336 cavitatem
368 1307 513 1346 relinquit,
535 1312 710 1338 contentum.
733 1326 771 1331 —-

241 1381 356 1410 Nervus
390 1381 547 1411 Abducens
559 1382 608 1419 (3)
635 1385 742 1422 pariter
762 1388 850 1421 atque
874 1385 901 1413 in
924 1386 1032 1423 primae
1054 1384 1178 1415 familiae
1202 1385 1359 1423 generibus
1381 1396 1397 1415 a
1419 1385 1544 1416 medulla
1567 1386 1617 1415 ob-

85 1456 204 1494 longata
231 1457 329 1492 oritur,
357 1455 514 1494 paullulum
539 1460 633 1485 tamen
656 1467 672 1486 a
695 1457 770 1486 linea
792 1458 885 1486 media
909 1460 1003 1497 ipsius
1026 1464 1164 1495 remotus,
1186 1459 1348 1498 eademque
1371 1461 1488 1489 omnino
1510 1470 1566 1498 qua
1588 1463 1616 1490 in

83 1530 194 1560 Buione
207 1531 362 1570 palmarum
375 1534 422 1560 est
433 1529 581 1570 praeditus
593 1530 689 1562 torma.
712 1531 809 1562 Primo
821 1532 1067 1572 quidemaspectu
1085 1535 1171 1562 etium
1191 1535 1218 1562 in
1237 1533 1292 1563 hoc
1309 1544 1415 1572 genere
1428 1535 1474 1572 (ut
1491 1537 1519 1564 in
1533 1535 1617 1565 Rana

86 1611 115 1635 et
136 1605 227 1644 Hyla)
260 1607 287 1634 in
320 1606 455 1644 ganglion
484 1605 607 1635 Gasseri
636 1617 699 1636 eum
722 1609 829 1637 intrare
851 1607 995 1644 crederes,
1018 1619 1102 1647 quum
1125 1610 1164 1638 ita
1186 1610 1305 1647 positus
1327 1612 1367 1638 sit
1389 1609 1445 1639 sub
1468 1620 1514 1646 eo,
1536 1614 1567 1639 ut
1588 1621 1619 1640 re

86 1691 154 1710 vera
188 1692 251 1710 cum
283 1683 348 1720 ipso
377 1681 543 1711 coalescere
565 1681 706 1713 videatur.
749 1684 894 1712 Accurate
917 1687 1011 1713 tamen
1034 1688 1063 1712 et
1086 1688 1169 1712 caute
1194 1685 1269 1712 viam
1291 1683 1377 1712 huius
1400 1687 1479 1714 nervi
1501 1685 1619 1715 cultello

89 1766 279 1796 persequens,
310 1765 360 1795 per
386 1760 548 1795 aperturam
571 1766 588 1786 a
611 1757 770 1796 Trigemini
794 1758 932 1788 foramine
954 1759 1114 1788 seiunctam
1138 1758 1324 1797 (quamquam
1349 1760 1373 1787 ei
1397 1759 1482 1788 valde
1505 1763 1619 1800 propin-

88 1833 187 1871 quam)
210 1842 243 1861 ex
265 1833 354 1860 cranii
377 1841 449 1861 cavo
473 1842 535 1861 eum
559 1832 698 1862 excedere
721 1833 845 1863 videbis.

249 1906 388 1943 Facialis,
410 1917 493 1945 quem
517 1908 646 1945 origines
669 1919 818 1938 nervorum
842 1909 961 1938 Bulonis
984 1908 1186 1938 describentes
1213 1908 1330 1937 silentio
1358 1907 1417 1937 fere
1445 1912 1622 1948 praetermit-

92 1988 153 2012 tere
185 1992 240 2011 nos
273 1981 435 2021 oportebat,
468 1983 574 2021 quippe
606 1984 654 2022 qui
677 1987 755 2012 totus
778 1993 841 2012 cum
866 1983 1034 2022 Trigcrnino
1057 1983 1132 2023 apud
1155 1983 1304 2013 Ecaudata
1331 1990 1412 2013 esset
1437 1987 1623 2021 coniunctus,

90 2068 182 2098 neque
214 2056 300 2087 ullam
334 2056 452 2086 liberam
486 2057 653 2087 ostenderet
681 2064 801 2098 partem,
823 2062 974 2089 seiunctus
996 2069 1031 2088 ac
1054 2059 1125 2088 liber
1147 2061 1174 2089 in
1197 2058 1394 2089 Selamandra
1417 2065 1537 2099 apparet
1560 2071 1623 2090 ner-

91 2146 155 2170 vus,
177 2135 282 2172 qnippe
308 2135 366 2171 qui,
399 2143 463 2162 cum
488 2132 657 2171 Trigemino
679 2134 755 2164 haud
778 2136 950 2165 coniunctus
973 2136 1115 2174 propriam
1138 2135 1244 2165 habeat
1264 2135 1392 2166 radicem
1418 2139 1623 2175 propriumque

253 2342 291 2372 (ι)
312 2340 369 2374 rig.
392 2341 424 2368 n.
445 2350 472 2367 a.

255 2395 293 2424 (ε’)
313 2394 371 2428 Fzg.
394 2394 425 2425 ιι,
446 2397 470 2422 5,

255 2447 293 2476 ra)
315 2446 379 2473 rab.
402 2448 432 2474 ιι,
455 2449 496 2482 ng.
517 2447 545 2478 ιι,
565 2448 589 2474 o,
