2149 3261
1215 265 1301 314 (is

494 401 628 430 teriorum
664 402 821 437 temporum
859 400 980 426 naturae
1015 401 1195 426 scrutatores
1232 394 1381 424 Laurentii
1415 396 1510 424 secuti
1532 398 1602 424 sunt
1623 392 1849 430 distinctionem,
1872 393 2018 432 complura

494 474 548 502 alia
584 476 733 511 praeterea
773 470 950 510 proferentes
986 475 1140 507 momenta,
1176 470 1282 509 quibus
1318 468 1374 498 duo
1409 468 1480 498 haec
1502 479 1607 507 genera
1629 471 1689 498 sint
1711 468 1928 506 distinguenda.
1968 467 2020 497 Sic

491 546 616 576 Merrem
653 545 801 583 (Teutam.
836 549 987 584 systemat.
1023 545 1158 584 Amphib.
1194 544 1309 581 Marbgi
1334 544 1410 574 1820
1432 554 1478 583 pg.
1503 545 1582 582 184),
1604 553 1777 583 quamquam
1799 554 1903 573 nomen
1926 543 2022 573 Trito-

493 624 537 651 nis
573 620 765 651 abiicieudum
802 630 871 650 esse
906 630 1036 656 monens,
1070 622 1178 659 quippe
1214 620 1291 659 quod
1326 624 1411 649 antea
1437 621 1491 648 iam
1515 618 1723 658 Cirrhipedium
1746 621 1845 657 generi
1866 622 1947 648 esset
1969 618 2019 648 da-

492 701 550 726 tum
564 697 621 733 (l),
643 695 814 725 Parotidum
836 696 974 734 imprimis
997 696 1086 724 utitur
1107 694 1222 731 indicio,
1245 705 1330 734 quum
1352 695 1400 724 aiii
1423 704 1508 734 poros
1531 696 1606 723 istos
1627 693 1775 731 dorsales,
1802 695 1916 732 gemina
1944 695 2021 722 serie

492 773 521 801 in
554 770 746 801 Salamandra
779 772 908 800 terrestri
940 780 1034 809 usque
1055 769 1091 800 ad
1114 772 1224 809 apicem
1247 769 1357 800 caudae
1379 769 1541 806 tendentes,
1563 771 1591 798 iu
1613 779 1748 807 generum
1771 768 2020 808 descriptionibus

492 847 631 886 imprimis
666 845 894 886 proterrentffl).
938 845 1029 874 Solus
1066 845 1227 875 Schneider
1262 845 1297 874 ad
1333 845 1482 875 Laurentii
1515 846 1690 874 sententiam
1726 854 1781 873 non
1808 845 1944 879 accessit,
1967 842 2019 872 sed

492 921 567 950 alios
599 920 742 960 quosdam
775 930 889 950 errores
925 922 953 950 in
989 921 1067 950 illius
1102 920 1299 959 descriptione
1325 921 1509 950 vehementer
1529 919 1754 959 reprehendens,
1776 921 1913 949 acerrime
1935 921 2021 948 istam

493 996 655 1025 animalium
692 995 764 1025 adeo
800 995 925 1024 affinium
963 995 1179 1024 distinctionem
1209 995 1404 1033 increpat(3).
1446 994 1615 1025 Schneideri
1639 996 1762 1032 vestigia
1785 993 1868 1024 Funk
1892 998 1937 1023 est
1959 1004 2022 1032 per-

492 1074 621 1106 secutus,
658 1070 779 1099 eundem
816 1072 844 1099 in
881 1070 1005 1107 modum,
1042 1081 1126 1109 quam
1162 1071 1219 1105 iile,
1256 1070 1405 1100 Tritonem
1438 1074 1467 1100 et
1488 1069 1707 1099 Salamandram
1731 1071 1816 1099 nimis
1838 1069 1932 1098 affinia
1954 1078 2022 1097 esse

492 1145 627 1175 animalia
649 1144 839 1182 contendeus,
862 1155 945 1184 qnam
968 1155 1040 1184 quae
1064 1147 1091 1174 in
1114 1145 1171 1174 duo
1194 1156 1299 1183 genera
1321 1148 1381 1174 iure
1403 1151 1523 1184 possent
1545 1147 1668 1183 seiungi,
1691 1145 1845 1183 verbisque
1874 1148 2022 1183 praeterea

492 1222 640 1250 acerrimis
676 1230 711 1250 ac
747 1219 805 1249 fere
841 1220 1003 1250 inhumanis
1035 1230 1088 1250 eos
1111 1223 1278 1259 vituperans
1300 1224 1427 1257 autores,
1449 1221 1497 1259 qui
1519 1224 1596 1257 „tam
1620 1229 1783 1259 perversam
1806 1224 1834 1249 et
1856 1223 2021 1256 arroganter

493 1294 707 1333 quodammodo
742 1294 847 1325 factam
883 1295 1137 1324 distrihutionem“
1172 1297 1252 1334 sequi
1290 1297 1457 1334 potuissent
1491 1294 1542 1332 (de
1578 1294 1686 1326 Salam.
1722 1299 1786 1324 terr.
1820 1298 1876 1325 cet.
1909 1303 1955 1332 pg.
1977 1295 2019 1329 4).

493 1371 533 1399 At
568 1380 693 1400 caussas
723 1372 779 1400 iam
802 1372 884 1409 ipsas
905 1370 1031 1400 breviter
1054 1379 1287 1409 percenseamus,
1309 1370 1413 1408 quibus
1435 1369 1668 1399 doctissimorum
1692 1369 1788 1398 horum
1812 1371 1933 1399 virorum
1956 1378 2022 1398 sen-

493 1447 599 1474 tentiae
623 1447 759 1475 nituntur.

651 1519 781 1557 Quarum
815 1522 933 1559 primam
966 1518 1066 1555 ank,
1103 1518 1273 1548 Schneideri
1307 1518 1465 1557 exemplum
1499 1528 1642 1557 sequeus,
1677 1521 1705 1548 iu
1738 1529 1771 1547 eo
1804 1529 1872 1548 esse
1894 1520 2019 1557 positam

493 1594 562 1624 dicit
584 1593 663 1633 quod
686 1594 806 1630 „eadem
828 1596 867 1622 sit
889 1595 1015 1622 omnium
1037 1603 1208 1630 organorum
1239 1594 1366 1622 evolutio
1398 1603 1432 1622 ac
1463 1593 1597 1622 fabrica.“
1645 1592 1751 1623 Mirum
1776 1598 1872 1623 autem
1895 1593 2022 1632 profecto

492 1668 613 1705 videtur,
646 1668 839 1697 evolutionem
864 1666 1033 1696 Tritonibus
1070 1678 1131 1696 cum
1156 1667 1356 1697 Salamaudris
1389 1668 1508 1697 eandem
1542 1669 1667 1698 tribuere
1699 1668 1898 1698 doctissimum
1922 1671 2022 1705 virum,

493 1747 539 1783 qui
563 1753 618 1773 nou
642 1742 727 1772 modo
749 1752 792 1778 ea,
825 1753 898 1780 quae
921 1742 1053 1772 Rusconi
1086 1742 1121 1770 de
1145 1742 1296 1772 Tritonum
1320 1744 1541 1781 metamorphosi
1569 1747 1624 1772 tam
1651 1745 1802 1780 ingeniose
1824 1746 2021 1782 investigavit,

493 1820 597 1857 optime
620 1821 835 1856 percensuerat,
859 1816 911 1846 sed
934 1821 963 1846 et
984 1820 1048 1856 ipse
1070 1817 1105 1846 de
1129 1817 1338 1846 Saiamaudrae
1361 1818 1527 1847 evolutione
1556 1817 1717 1857 complures
1740 1818 1806 1847 fecit
1827 1821 2019 1856 gravissimas

492 1893 718 1921 observationes.
763 1892 911 1921 Summum
943 1896 1042 1921 contra
1074 1894 1101 1920 in
1127 1892 1238 1921 modum
1271 1902 1333 1929 eae,
1366 1902 1439 1931 quas
1474 1892 1611 1923 Tritones
1643 1895 1670 1922 in
1702 1895 1792 1932 primo
1826 1896 1901 1923 vitae
1923 1894 2019 1924 stadio

650 2129 689 2159 (l)
711 2128 802 2163 lpsum
821 2131 917 2159 autem,
939 2128 1010 2162 quod
1029 2128 1144 2155 Merrem
1166 2128 1225 2154 huic
1244 2131 1333 2163 generi
1363 2130 1487 2163 imposuit
1507 2137 1610 2160 nomen,
1639 2128 1751 2164 Moige
1771 2130 1874 2157 scilicet
1893 2131 1955 2158 iilud
1975 2139 2018 2167 ap-

493 2181 593 2214 pellans
623 2181 820 2212 (German-‘cam
849 2190 943 2207 vocem
963 2181 1069 2207 Motch
1096 2183 1120 2207 in
1139 2181 1258 2207 Latinam
1279 2183 1314 2208 ita
1334 2184 1504 2216 pervertens)
1529 2183 1598 2208 haud
1623 2182 1725 2215 meiius,
1752 2185 1800 2210 sed
1827 2185 1883 2210 fere
1903 2184 2016 2211 barbari-

492 2242 549 2259 cum
569 2242 632 2260 esse
653 2234 701 2259 iam
722 2236 821 2260 monuit
839 2233 974 2269 Fitzinger
995 2234 1167 2266 (Classiiicat.
1189 2234 1236 2260 der
1257 2235 1353 2269 nepta.
1374 2235 1451 2261 Wien
1474 2236 1541 2261 1826
1562 2244 1605 2270 pg.
1619 2237 1674 2267 41.)

648 2287 687 2318 (2)
709 2286 921 2313 Burmeister
941 2287 1045 2315 Handb.
1068 2287 1115 2313 der
1134 2287 1249 2321 Zoolog.
1271 2287 1341 2314 sserl.
1365 2288 1429 2314 1837
1461 2296 1506 2322 pg.
1521 2289 1580 2317 713.

649 2340 687 2371 (3)
707 2339 732 2366 J.
752 2340 784 2366 G.
805 2339 989 2367 Schneider
1009 2340 1103 2368 histor.
1124 2340 1287 2375 Amphihior.
1317 2341 1402 2367 Jenae
1424 2341 1490 2368 1799
1511 2341 1587 2370 Tom.
1601 2343 1623 2374 l,
1644 2344 1712 2377 pg.l
1734 2351 1812 2378 seqq.
