<?xml version="1.0" encoding="UTF-8"?>
<!DOCTYPE html PUBLIC "-//W3C//DTD XHTML 1.0 Transitional//EN"
    "http://www.w3.org/TR/xhtml1/DTD/xhtml1-transitional.dtd">
<html xmlns="http://www.w3.org/1999/xhtml" xml:lang="en" lang="en">
 <head>
  <title>
</title>
<meta http-equiv="Content-Type" content="text/html;charset=utf-8" />
  <meta name='ocr-system' content='tesseract 3.04.00' />
  <meta name='ocr-capabilities' content='ocr_page ocr_carea ocr_par ocr_line ocrx_word'/>
</head>
<body>
  <div class='ocr_page' id='page_1' title='image "./amphibiorumnudor00fisc_0042.png"; bbox 0 0 2149 3261; ppageno 0'>
   <div class='ocr_carea' id='block_1_1' title="bbox 1216 296 1301 341">
    <p class='ocr_par' dir='ltr' id='par_1_1' title="bbox 1216 296 1301 341">
     <span class='ocr_line' id='line_1_1' title="bbox 1216 296 1301 341; baseline -0.012 0"><span class='ocrx_word' id='word_1_1' title='bbox 1216 296 1301 341; x_wconf 68' lang='lat'>34</span> 
     </span>
    </p>
   </div>
   <div class='ocr_carea' id='block_1_2' title="bbox 487 426 2028 2119">
    <p class='ocr_par' dir='ltr' id='par_1_2' title="bbox 491 426 2027 541">
     <span class='ocr_line' id='line_1_2' title="bbox 491 426 2027 467; baseline -0.001 -7"><span class='ocrx_word' id='word_1_2' title='bbox 491 430 606 460; x_wconf 82' lang='lat' dir='ltr'>sculum</span> <span class='ocrx_word' id='word_1_3' title='bbox 643 428 958 467; x_wconf 72' lang='lat' dir='ltr'>tynipanomaxillarem</span> <span class='ocrx_word' id='word_1_4' title='bbox 995 427 1032 456; x_wconf 92' lang='lat' dir='ltr'>ad</span> <span class='ocrx_word' id='word_1_5' title='bbox 1069 427 1186 456; x_wconf 87' lang='lat' dir='ltr'>inferius</span> <span class='ocrx_word' id='word_1_6' title='bbox 1219 437 1252 457; x_wconf 86' lang='lat' dir='ltr'>se</span> <span class='ocrx_word' id='word_1_7' title='bbox 1283 430 1488 457; x_wconf 78' lang='lat' dir='ltr'><strong>convertentes</strong></span> <span class='ocrx_word' id='word_1_8' title='bbox 1520 431 1549 456; x_wconf 89' lang='lat' dir='ltr'>et</span> <span class='ocrx_word' id='word_1_9' title='bbox 1579 426 1616 456; x_wconf 88' lang='lat' dir='ltr'>ad</span> <span class='ocrx_word' id='word_1_10' title='bbox 1645 429 1774 458; x_wconf 85' lang='lat' dir='ltr'>anterius</span> <span class='ocrx_word' id='word_1_11' title='bbox 1805 427 2027 467; x_wconf 66' lang='lat' dir='ltr'>progredientes</span> 
     </span>
     <span class='ocr_line' id='line_1_3' title="bbox 495 502 1627 541; baseline -0.001 -8"><span class='ocrx_word' id='word_1_12' title='bbox 495 503 646 534; x_wconf 87' lang='lat' dir='ltr'>musculos</span> <span class='ocrx_word' id='word_1_13' title='bbox 669 505 877 533; x_wconf 86' lang='lat' dir='ltr'>constrictores</span> <span class='ocrx_word' id='word_1_14' title='bbox 899 502 1021 532; x_wconf 79' lang='lat' dir='ltr'>lancium</span> <span class='ocrx_word' id='word_1_15' title='bbox 1044 507 1072 531; x_wconf 81' lang='lat' dir='ltr'>et</span> <span class='ocrx_word' id='word_1_16' title='bbox 1094 502 1326 541; x_wconf 87' lang='lat' dir='ltr'>mylohyoideum</span> <span class='ocrx_word' id='word_1_17' title='bbox 1348 504 1495 532; x_wconf 86' lang='lat' dir='ltr'>instruunt</span> <span class='ocrx_word' id='word_1_18' title='bbox 1521 504 1627 534; x_wconf 84' lang='lat' dir='ltr'>nervis.</span> 
     </span>
    </p>

    <p class='ocr_par' dir='ltr' id='par_1_3' title="bbox 487 576 2028 1667">
     <span class='ocr_line' id='line_1_4' title="bbox 649 576 2026 617; baseline 0.002 -10"><span class='ocrx_word' id='word_1_19' title='bbox 649 578 777 608; x_wconf 87' lang='lat' dir='ltr'>Nervum</span> <span class='ocrx_word' id='word_1_20' title='bbox 802 578 940 616; x_wconf 85' lang='lat' dir='ltr'>Vagum</span> <span class='ocrx_word' id='word_1_21' title='bbox 963 576 1086 617; x_wconf 89' lang='lat' dir='ltr'>denique</span> <span class='ocrx_word' id='word_1_22' title='bbox 1108 578 1334 616; x_wconf 78' lang='lat' dir='ltr'>respicientibus</span> <span class='ocrx_word' id='word_1_23' title='bbox 1355 577 1443 607; x_wconf 85' lang='lat' dir='ltr'>nobis</span> <span class='ocrx_word' id='word_1_24' title='bbox 1478 577 1568 607; x_wconf 84' lang='lat' dir='ltr'>multo</span> <span class='ocrx_word' id='word_1_25' title='bbox 1599 579 1693 608; x_wconf 88' lang='lat' dir='ltr'>maius</span> <span class='ocrx_word' id='word_1_26' title='bbox 1714 588 1748 607; x_wconf 90' lang='lat' dir='ltr'>se</span> <span class='ocrx_word' id='word_1_27' title='bbox 1771 578 1901 608; x_wconf 80' lang='lat' dir='ltr'>ostendit</span> <span class='ocrx_word' id='word_1_28' title='bbox 1923 579 2026 610; x_wconf 87' lang='lat' dir='ltr'>discri-</span> 
     </span>
     <span class='ocr_line' id='line_1_5' title="bbox 492 652 2026 693; baseline 0.001 -10"><span class='ocrx_word' id='word_1_29' title='bbox 492 664 574 690; x_wconf 79' lang='lat' dir='ltr'>men,</span> <span class='ocrx_word' id='word_1_30' title='bbox 608 655 716 693; x_wconf 89' lang='lat' dir='ltr'>quippe</span> <span class='ocrx_word' id='word_1_31' title='bbox 747 655 794 692; x_wconf 89' lang='lat' dir='ltr'>qui</span> <span class='ocrx_word' id='word_1_32' title='bbox 826 663 946 690; x_wconf 87' lang='lat' dir='ltr'>prorsus</span> <span class='ocrx_word' id='word_1_33' title='bbox 977 663 1083 683; x_wconf 84' lang='lat' dir='ltr'>novam</span> <span class='ocrx_word' id='word_1_34' title='bbox 1105 655 1309 693; x_wconf 81' lang='lat' dir='ltr'>insignemque</span> <span class='ocrx_word' id='word_1_35' title='bbox 1329 653 1467 693; x_wconf 85' lang='lat' dir='ltr'>praebeat</span> <span class='ocrx_word' id='word_1_36' title='bbox 1491 652 1620 685; x_wconf 75' lang='lat' dir='ltr'>formam.</span> <span class='ocrx_word' id='word_1_37' title='bbox 1661 653 1810 692; x_wconf 88' lang='lat' dir='ltr'>Gauglion</span> <span class='ocrx_word' id='word_1_38' title='bbox 1841 655 1916 684; x_wconf 90' lang='lat' dir='ltr'>enim</span> <span class='ocrx_word' id='word_1_39' title='bbox 1939 654 2026 685; x_wconf 85' lang='lat' dir='ltr'>huius</span> 
     </span>
     <span class='ocr_line' id='line_1_6' title="bbox 497 727 2027 769; baseline 0.001 -11"><span class='ocrx_word' id='word_1_40' title='bbox 497 731 589 765; x_wconf 82' lang='lat' dir='ltr'>nervi,</span> <span class='ocrx_word' id='word_1_41' title='bbox 620 730 649 758; x_wconf 92' lang='lat' dir='ltr'>in</span> <span class='ocrx_word' id='word_1_42' title='bbox 665 729 779 758; x_wconf 79' lang='lat' dir='ltr'>-ceteris</span> <span class='ocrx_word' id='word_1_43' title='bbox 801 728 868 768; x_wconf 88' lang='lat' dir='ltr'>plus</span> <span class='ocrx_word' id='word_1_44' title='bbox 889 729 1022 758; x_wconf 83' lang='lat' dir='ltr'>minusve</span> <span class='ocrx_word' id='word_1_45' title='bbox 1042 728 1205 766; x_wconf 83' lang='lat' dir='ltr'>globosum,</span> <span class='ocrx_word' id='word_1_46' title='bbox 1236 728 1410 758; x_wconf 83' lang='lat' dir='ltr'>suhovatam</span> <span class='ocrx_word' id='word_1_47' title='bbox 1433 730 1461 758; x_wconf 90' lang='lat' dir='ltr'>in</span> <span class='ocrx_word' id='word_1_48' title='bbox 1484 727 1606 758; x_wconf 83' lang='lat' dir='ltr'>Tritone</span> <span class='ocrx_word' id='word_1_49' title='bbox 1629 728 1843 769; x_wconf 85' lang='lat' dir='ltr'>oblongamque</span> <span class='ocrx_word' id='word_1_50' title='bbox 1864 729 1951 759; x_wconf 89' lang='lat' dir='ltr'>habet</span> <span class='ocrx_word' id='word_1_51' title='bbox 1973 730 2027 760; x_wconf 78' lang='lat' dir='ltr'>sor-</span> 
     </span>
     <span class='ocr_line' id='line_1_7' title="bbox 494 803 2028 845; baseline 0.001 -12"><span class='ocrx_word' id='word_1_52' title='bbox 494 813 566 833; x_wconf 85' lang='lat' dir='ltr'>mam</span> <span class='ocrx_word' id='word_1_53' title='bbox 583 804 647 841; x_wconf 91' lang='lat' dir='ltr'>(l),</span> <span class='ocrx_word' id='word_1_54' title='bbox 669 814 847 842; x_wconf 86' lang='lat' dir='ltr'>numeroque</span> <span class='ocrx_word' id='word_1_55' title='bbox 867 814 951 842; x_wconf 87' lang='lat' dir='ltr'>quem</span> <span class='ocrx_word' id='word_1_56' title='bbox 975 805 1003 832; x_wconf 93' lang='lat' dir='ltr'>in</span> <span class='ocrx_word' id='word_1_57' title='bbox 1026 803 1217 833; x_wconf 85' lang='lat' dir='ltr'>Salamandra</span> <span class='ocrx_word' id='word_1_58' title='bbox 1239 805 1418 841; x_wconf 79' lang='lat' dir='ltr'>invenimus,</span> <span class='ocrx_word' id='word_1_59' title='bbox 1455 814 1511 833; x_wconf 89' lang='lat' dir='ltr'>uno</span> <span class='ocrx_word' id='word_1_60' title='bbox 1532 814 1612 834; x_wconf 88' lang='lat' dir='ltr'>ramo</span> <span class='ocrx_word' id='word_1_61' title='bbox 1632 808 1735 842; x_wconf 84' lang='lat' dir='ltr'>aucto,</span> <span class='ocrx_word' id='word_1_62' title='bbox 1767 809 1903 845; x_wconf 88' lang='lat' dir='ltr'>quattuor</span> <span class='ocrx_word' id='word_1_63' title='bbox 1924 807 2028 835; x_wconf 86' lang='lat' dir='ltr'>emittit</span> 
     </span>
     <span class='ocr_line' id='line_1_8' title="bbox 494 878 2025 919; baseline 0.001 -11"><span class='ocrx_word' id='word_1_64' title='bbox 494 889 610 910; x_wconf 82' lang='lat' dir='ltr'>nervos.</span> <span class='ocrx_word' id='word_1_65' title='bbox 653 879 783 917; x_wconf 79' lang='lat' dir='ltr'>Quorum</span> <span class='ocrx_word' id='word_1_66' title='bbox 817 878 931 918; x_wconf 88' lang='lat' dir='ltr'>quidem</span> <span class='ocrx_word' id='word_1_67' title='bbox 962 883 1022 909; x_wconf 86' lang='lat' dir='ltr'>tres</span> <span class='ocrx_word' id='word_1_68' title='bbox 1053 878 1167 916; x_wconf 88' lang='lat' dir='ltr'>(ramus</span> <span class='ocrx_word' id='word_1_69' title='bbox 1189 879 1343 917; x_wconf 67' lang='lat' dir='ltr'>linguans,</span> <span class='ocrx_word' id='word_1_70' title='bbox 1376 889 1474 909; x_wconf 81' lang='lat' dir='ltr'>ramus</span> <span class='ocrx_word' id='word_1_71' title='bbox 1497 879 1692 919; x_wconf 82' lang='lat' dir='ltr'>pharyngeus‚</span> <span class='ocrx_word' id='word_1_72' title='bbox 1713 890 1812 909; x_wconf 84' lang='lat' dir='ltr'>ramus</span> <span class='ocrx_word' id='word_1_73' title='bbox 1833 880 2025 918; x_wconf 85' lang='lat' dir='ltr'>intestinalis)</span> 
     </span>
     <span class='ocr_line' id='line_1_9' title="bbox 490 953 2025 994; baseline 0.002 -11"><span class='ocrx_word' id='word_1_74' title='bbox 490 964 613 993; x_wconf 85' lang='lat' dir='ltr'>prorsus</span> <span class='ocrx_word' id='word_1_75' title='bbox 634 953 737 983; x_wconf 88' lang='lat' dir='ltr'>eodem</span> <span class='ocrx_word' id='word_1_76' title='bbox 760 953 847 983; x_wconf 83' lang='lat' dir='ltr'>modo</span> <span class='ocrx_word' id='word_1_77' title='bbox 868 955 955 983; x_wconf 86' lang='lat' dir='ltr'>etiam</span> <span class='ocrx_word' id='word_1_78' title='bbox 977 955 1005 983; x_wconf 92' lang='lat' dir='ltr'>in</span> <span class='ocrx_word' id='word_1_79' title='bbox 1028 954 1077 983; x_wconf 91' lang='lat' dir='ltr'>illa</span> <span class='ocrx_word' id='word_1_80' title='bbox 1099 957 1289 994; x_wconf 79' lang='lat' dir='ltr'>reperiuntur,</span> <span class='ocrx_word' id='word_1_81' title='bbox 1321 958 1442 994; x_wconf 85' lang='lat' dir='ltr'>quartus</span> <span class='ocrx_word' id='word_1_82' title='bbox 1456 955 1504 992; x_wconf 74' lang='lat'>(2)</span> <span class='ocrx_word' id='word_1_83' title='bbox 1531 965 1628 985; x_wconf 85' lang='lat' dir='ltr'>novus</span> <span class='ocrx_word' id='word_1_84' title='bbox 1648 954 1774 985; x_wconf 85' lang='lat' dir='ltr'>accedit·</span> <span class='ocrx_word' id='word_1_85' title='bbox 1816 954 2025 986; x_wconf 76' lang='lat' dir='ltr'>Tenuissiinus</span> 
     </span>
     <span class='ocr_line' id='line_1_10' title="bbox 489 1029 2023 1070; baseline 0.002 -12"><span class='ocrx_word' id='word_1_86' title='bbox 489 1031 516 1058; x_wconf 85' lang='lat' dir='ltr'>is</span> <span class='ocrx_word' id='word_1_87' title='bbox 539 1030 665 1058; x_wconf 89' lang='lat' dir='ltr'>omnium</span> <span class='ocrx_word' id='word_1_88' title='bbox 687 1038 722 1057; x_wconf 79' lang='lat' dir='ltr'>ex</span> <span class='ocrx_word' id='word_1_89' title='bbox 743 1030 907 1067; x_wconf 86' lang='lat' dir='ltr'>posteriore</span> <span class='ocrx_word' id='word_1_90' title='bbox 927 1030 1010 1067; x_wconf 80' lang='lat' dir='ltr'>apice</span> <span class='ocrx_word' id='word_1_91' title='bbox 1032 1029 1142 1067; x_wconf 83' lang='lat' dir='ltr'>ganglii</span> <span class='ocrx_word' id='word_1_92' title='bbox 1165 1032 1310 1066; x_wconf 83' lang='lat' dir='ltr'>nascitur,</span> <span class='ocrx_word' id='word_1_93' title='bbox 1344 1031 1502 1068; x_wconf 77' lang='lat' dir='ltr'>statimque</span> <span class='ocrx_word' id='word_1_94' title='bbox 1531 1029 1569 1059; x_wconf 86' lang='lat' dir='ltr'>ad</span> <span class='ocrx_word' id='word_1_95' title='bbox 1601 1032 1748 1070; x_wconf 78' lang='lat' dir='ltr'>posterius</span> <span class='ocrx_word' id='word_1_96' title='bbox 1779 1041 1813 1061; x_wconf 89' lang='lat' dir='ltr'>se</span> <span class='ocrx_word' id='word_1_97' title='bbox 1834 1039 2023 1068; x_wconf 80' lang='lat' dir='ltr'>convertens,</span> 
     </span>
     <span class='ocr_line' id='line_1_11' title="bbox 488 1103 2025 1144; baseline 0.003 -11"><span class='ocrx_word' id='word_1_98' title='bbox 488 1105 517 1133; x_wconf 88' lang='lat' dir='ltr'>in</span> <span class='ocrx_word' id='word_1_99' title='bbox 540 1104 631 1133; x_wconf 86' lang='lat' dir='ltr'>latere</span> <span class='ocrx_word' id='word_1_100' title='bbox 653 1104 784 1142; x_wconf 88' lang='lat' dir='ltr'>corporis</span> <span class='ocrx_word' id='word_1_101' title='bbox 805 1113 857 1142; x_wconf 86' lang='lat' dir='ltr'>per</span> <span class='ocrx_word' id='word_1_102' title='bbox 877 1108 968 1133; x_wconf 85' lang='lat' dir='ltr'>totam</span> <span class='ocrx_word' id='word_1_103' title='bbox 1001 1103 1089 1133; x_wconf 92' lang='lat' dir='ltr'>huius</span> <span class='ocrx_word' id='word_1_104' title='bbox 1109 1104 1318 1142; x_wconf 88' lang='lat' dir='ltr'>longitudinem</span> <span class='ocrx_word' id='word_1_105' title='bbox 1352 1115 1446 1144; x_wconf 83' lang='lat' dir='ltr'>usque</span> <span class='ocrx_word' id='word_1_106' title='bbox 1469 1104 1507 1135; x_wconf 89' lang='lat' dir='ltr'>ad</span> <span class='ocrx_word' id='word_1_107' title='bbox 1529 1104 1651 1135; x_wconf 86' lang='lat' dir='ltr'>mediam</span> <span class='ocrx_word' id='word_1_108' title='bbox 1674 1105 1796 1136; x_wconf 86' lang='lat' dir='ltr'>caudam</span> <span class='ocrx_word' id='word_1_109' title='bbox 1819 1106 1962 1144; x_wconf 75' lang='lat' dir='ltr'>tendens,</span> <span class='ocrx_word' id='word_1_110' title='bbox 1997 1109 2025 1137; x_wconf 87' lang='lat' dir='ltr'>in</span> 
     </span>
     <span class='ocr_line' id='line_1_12' title="bbox 491 1177 2025 1218; baseline 0.003 -11"><span class='ocrx_word' id='word_1_111' title='bbox 491 1178 595 1208; x_wconf 81' lang='lat' dir='ltr'>tinibus</span> <span class='ocrx_word' id='word_1_112' title='bbox 620 1178 745 1208; x_wconf 85' lang='lat' dir='ltr'>musculi</span> <span class='ocrx_word' id='word_1_113' title='bbox 768 1177 932 1216; x_wconf 81' lang='lat' dir='ltr'>longissimi</span> <span class='ocrx_word' id='word_1_114' title='bbox 966 1178 1048 1208; x_wconf 83' lang='lat' dir='ltr'>dorsi</span> <span class='ocrx_word' id='word_1_115' title='bbox 1081 1178 1195 1217; x_wconf 86' lang='lat' dir='ltr'>(Funk)</span> <span class='ocrx_word' id='word_1_116' title='bbox 1227 1183 1256 1209; x_wconf 83' lang='lat' dir='ltr'>et</span> <span class='ocrx_word' id='word_1_117' title='bbox 1287 1180 1486 1210; x_wconf 87' lang='lat' dir='ltr'>intercostalis</span> <span class='ocrx_word' id='word_1_118' title='bbox 1507 1179 1620 1218; x_wconf 86' lang='lat' dir='ltr'>(Funk)</span> <span class='ocrx_word' id='word_1_119' title='bbox 1646 1180 1782 1211; x_wconf 70' lang='lat' dir='ltr'>decurrit.</span> <span class='ocrx_word' id='word_1_120' title='bbox 1822 1181 1967 1212; x_wconf 87' lang='lat' dir='ltr'>Ramnlos</span> <span class='ocrx_word' id='word_1_121' title='bbox 1988 1183 2025 1212; x_wconf 90' lang='lat' dir='ltr'>ab</span> 
     </span>
     <span class='ocr_line' id='line_1_13' title="bbox 488 1253 2026 1295; baseline 0.002 -12"><span class='ocrx_word' id='word_1_122' title='bbox 488 1253 580 1283; x_wconf 88' lang='lat' dir='ltr'>hocce</span> <span class='ocrx_word' id='word_1_123' title='bbox 602 1264 697 1283; x_wconf 84' lang='lat' dir='ltr'>nervo</span> <span class='ocrx_word' id='word_1_124' title='bbox 719 1254 848 1282; x_wconf 76' lang='lat' dir='ltr'>emissos</span> <span class='ocrx_word' id='word_1_125' title='bbox 870 1253 928 1282; x_wconf 88' lang='lat' dir='ltr'>vidi</span> <span class='ocrx_word' id='word_1_126' title='bbox 950 1253 1132 1293; x_wconf 80' lang='lat' dir='ltr'>complures,</span> <span class='ocrx_word' id='word_1_127' title='bbox 1166 1259 1237 1284; x_wconf 83' lang='lat' dir='ltr'>sunt</span> <span class='ocrx_word' id='word_1_128' title='bbox 1267 1260 1363 1285; x_wconf 89' lang='lat' dir='ltr'>autem</span> <span class='ocrx_word' id='word_1_129' title='bbox 1398 1260 1456 1285; x_wconf 89' lang='lat' dir='ltr'>tam</span> <span class='ocrx_word' id='word_1_130' title='bbox 1489 1258 1583 1295; x_wconf 88' lang='lat' dir='ltr'>parvi,</span> <span class='ocrx_word' id='word_1_131' title='bbox 1620 1260 1652 1286; x_wconf 91' lang='lat' dir='ltr'>ut</span> <span class='ocrx_word' id='word_1_132' title='bbox 1675 1257 1721 1286; x_wconf 84' lang='lat' dir='ltr'>vel</span> <span class='ocrx_word' id='word_1_133' title='bbox 1743 1257 1917 1286; x_wconf 77' lang='lat' dir='ltr'>fortissimae</span> <span class='ocrx_word' id='word_1_134' title='bbox 1940 1258 2026 1287; x_wconf 87' lang='lat' dir='ltr'>lentis</span> 
     </span>
     <span class='ocr_line' id='line_1_14' title="bbox 490 1329 2027 1371; baseline 0.003 -14"><span class='ocrx_word' id='word_1_135' title='bbox 490 1339 545 1366; x_wconf 86' lang='lat' dir='ltr'>ope</span> <span class='ocrx_word' id='word_1_136' title='bbox 566 1330 613 1357; x_wconf 77' lang='lat' dir='ltr'>vix</span> <span class='ocrx_word' id='word_1_137' title='bbox 635 1333 798 1364; x_wconf 80' lang='lat' dir='ltr'>cernantur,</span> <span class='ocrx_word' id='word_1_138' title='bbox 820 1330 861 1358; x_wconf 86' lang='lat' dir='ltr'>ita</span> <span class='ocrx_word' id='word_1_139' title='bbox 883 1333 914 1357; x_wconf 86' lang='lat' dir='ltr'>ut</span> <span class='ocrx_word' id='word_1_140' title='bbox 936 1339 1052 1365; x_wconf 75' lang='lat' dir='ltr'>nervus,</span> <span class='ocrx_word' id='word_1_141' title='bbox 1081 1329 1198 1369; x_wconf 85' lang='lat' dir='ltr'>quando</span> <span class='ocrx_word' id='word_1_142' title='bbox 1218 1329 1255 1358; x_wconf 94' lang='lat' dir='ltr'>ad</span> <span class='ocrx_word' id='word_1_143' title='bbox 1278 1332 1389 1359; x_wconf 87' lang='lat' dir='ltr'>initium</span> <span class='ocrx_word' id='word_1_144' title='bbox 1413 1330 1525 1360; x_wconf 87' lang='lat' dir='ltr'>caudae</span> <span class='ocrx_word' id='word_1_145' title='bbox 1546 1333 1687 1369; x_wconf 84' lang='lat' dir='ltr'>pervenit,</span> <span class='ocrx_word' id='word_1_146' title='bbox 1709 1330 1785 1360; x_wconf 85' lang='lat' dir='ltr'>haud</span> <span class='ocrx_word' id='word_1_147' title='bbox 1807 1332 1927 1361; x_wconf 88' lang='lat' dir='ltr'>multum</span> <span class='ocrx_word' id='word_1_148' title='bbox 1950 1335 2027 1371; x_wconf 88' lang='lat' dir='ltr'>prio-</span> 
     </span>
     <span class='ocr_line' id='line_1_15' title="bbox 487 1402 2025 1444; baseline 0.003 -12"><span class='ocrx_word' id='word_1_149' title='bbox 487 1405 529 1432; x_wconf 85' lang='lat' dir='ltr'>ris</span> <span class='ocrx_word' id='word_1_150' title='bbox 552 1403 709 1432; x_wconf 84' lang='lat' dir='ltr'>voluminis</span> <span class='ocrx_word' id='word_1_151' title='bbox 730 1404 870 1433; x_wconf 83' lang='lat' dir='ltr'>amiserit.</span> <span class='ocrx_word' id='word_1_152' title='bbox 911 1402 1065 1433; x_wconf 88' lang='lat' dir='ltr'>Finiuntur</span> <span class='ocrx_word' id='word_1_153' title='bbox 1085 1408 1182 1434; x_wconf 88' lang='lat' dir='ltr'>autem</span> <span class='ocrx_word' id='word_1_154' title='bbox 1203 1404 1318 1433; x_wconf 89' lang='lat' dir='ltr'>illorum</span> <span class='ocrx_word' id='word_1_155' title='bbox 1341 1415 1485 1434; x_wconf 85' lang='lat' dir='ltr'>ramorum</span> <span class='ocrx_word' id='word_1_156' title='bbox 1511 1405 1651 1441; x_wconf 91' lang='lat' dir='ltr'>nonnulli,</span> <span class='ocrx_word' id='word_1_157' title='bbox 1674 1409 1703 1434; x_wconf 85' lang='lat' dir='ltr'>ut</span> <span class='ocrx_word' id='word_1_158' title='bbox 1725 1408 1845 1444; x_wconf 87' lang='lat' dir='ltr'>saepius</span> <span class='ocrx_word' id='word_1_159' title='bbox 1868 1406 2025 1437; x_wconf 84' lang='lat' dir='ltr'>observavi</span> 
     </span>
     <span class='ocr_line' id='line_1_16' title="bbox 488 1458 2022 1521; baseline 0.003 -14"><span class='ocrx_word' id='word_1_160' title='bbox 488 1480 515 1507; x_wconf 90' lang='lat' dir='ltr'>in</span> <span class='ocrx_word' id='word_1_161' title='bbox 538 1477 686 1515; x_wconf 84' lang='lat' dir='ltr'>glandulis</span> <span class='ocrx_word' id='word_1_162' title='bbox 708 1477 910 1513; x_wconf 72' lang='lat' dir='ltr'>nubcntaneis,</span> <span class='ocrx_word' id='word_1_163' title='bbox 932 1458 1052 1516; x_wconf 77' lang='lat' dir='ltr'>quarum</span> <span class='ocrx_word' id='word_1_164' title='bbox 1074 1478 1183 1506; x_wconf 85' lang='lat' dir='ltr'>multae</span> <span class='ocrx_word' id='word_1_165' title='bbox 1204 1478 1260 1507; x_wconf 91' lang='lat' dir='ltr'>sub</span> <span class='ocrx_word' id='word_1_166' title='bbox 1283 1483 1349 1507; x_wconf 90' lang='lat' dir='ltr'>ente</span> <span class='ocrx_word' id='word_1_167' title='bbox 1371 1478 1470 1508; x_wconf 83' lang='lat' dir='ltr'>horum</span> <span class='ocrx_word' id='word_1_168' title='bbox 1493 1479 1658 1508; x_wconf 83' lang='lat' dir='ltr'>animalium</span> <span class='ocrx_word' id='word_1_169' title='bbox 1682 1480 1782 1511; x_wconf 86' lang='lat' dir='ltr'>latent.</span> <span class='ocrx_word' id='word_1_170' title='bbox 1815 1480 1882 1511; x_wconf 88' lang='lat' dir='ltr'>Vidi</span> <span class='ocrx_word' id='word_1_171' title='bbox 1906 1482 2022 1521; x_wconf 88' lang='lat' dir='ltr'>quidem</span> 
     </span>
     <span class='ocr_line' id='line_1_17' title="bbox 487 1551 2022 1594; baseline 0.004 -13"><span class='ocrx_word' id='word_1_172' title='bbox 487 1557 639 1591; x_wconf 84' lang='lat' dir='ltr'>praeterea</span> <span class='ocrx_word' id='word_1_173' title='bbox 662 1551 803 1591; x_wconf 87' lang='lat' dir='ltr'>quaedam</span> <span class='ocrx_word' id='word_1_174' title='bbox 827 1551 873 1581; x_wconf 86' lang='lat' dir='ltr'>fila</span> <span class='ocrx_word' id='word_1_175' title='bbox 897 1553 924 1580; x_wconf 80' lang='lat' dir='ltr'>in</span> <span class='ocrx_word' id='word_1_176' title='bbox 947 1557 1058 1588; x_wconf 88' lang='lat' dir='ltr'>cutem,</span> <span class='ocrx_word' id='word_1_177' title='bbox 1090 1556 1122 1581; x_wconf 89' lang='lat' dir='ltr'>ut</span> <span class='ocrx_word' id='word_1_178' title='bbox 1143 1553 1311 1589; x_wconf 81' lang='lat' dir='ltr'>videbatur,</span> <span class='ocrx_word' id='word_1_179' title='bbox 1334 1563 1390 1583; x_wconf 89' lang='lat' dir='ltr'>non</span> <span class='ocrx_word' id='word_1_180' title='bbox 1414 1557 1609 1590; x_wconf 79' lang='lat' dir='ltr'>transeuntia,</span> <span class='ocrx_word' id='word_1_181' title='bbox 1632 1566 1706 1594; x_wconf 87' lang='lat' dir='ltr'>quae</span> <span class='ocrx_word' id='word_1_182' title='bbox 1727 1560 1822 1585; x_wconf 85' lang='lat' dir='ltr'>tamen</span> <span class='ocrx_word' id='word_1_183' title='bbox 1846 1557 1884 1586; x_wconf 89' lang='lat' dir='ltr'>ob</span> <span class='ocrx_word' id='word_1_184' title='bbox 1906 1560 2022 1588; x_wconf 87' lang='lat' dir='ltr'>nimiam</span> 
     </span>
     <span class='ocr_line' id='line_1_18' title="bbox 488 1625 1303 1667; baseline 0.002 -11"><span class='ocrx_word' id='word_1_185' title='bbox 488 1629 673 1665; x_wconf 72' lang='lat' dir='ltr'>exiguitatem</span> <span class='ocrx_word' id='word_1_186' title='bbox 696 1636 789 1665; x_wconf 87' lang='lat' dir='ltr'>usque</span> <span class='ocrx_word' id='word_1_187' title='bbox 810 1625 847 1654; x_wconf 88' lang='lat' dir='ltr'>ad</span> <span class='ocrx_word' id='word_1_188' title='bbox 869 1626 954 1655; x_wconf 84' lang='lat' dir='ltr'>finem</span> <span class='ocrx_word' id='word_1_189' title='bbox 976 1629 1110 1666; x_wconf 86' lang='lat' dir='ltr'>persequi</span> <span class='ocrx_word' id='word_1_190' title='bbox 1133 1638 1190 1657; x_wconf 93' lang='lat' dir='ltr'>non</span> <span class='ocrx_word' id='word_1_191' title='bbox 1214 1630 1303 1667; x_wconf 86' lang='lat' dir='ltr'>potui.</span> 
     </span>
    </p>

    <p class='ocr_par' dir='ltr' id='par_1_4' title="bbox 487 1701 2024 2119">
     <span class='ocr_line' id='line_1_19' title="bbox 647 1701 2023 1746; baseline 0.006 -15"><span class='ocrx_word' id='word_1_192' title='bbox 647 1701 752 1740; x_wconf 87' lang='lat' dir='ltr'>Neque</span> <span class='ocrx_word' id='word_1_193' title='bbox 782 1710 955 1739; x_wconf 84' lang='lat' dir='ltr'>quemquam</span> <span class='ocrx_word' id='word_1_194' title='bbox 986 1701 1062 1731; x_wconf 87' lang='lat' dir='ltr'>hunc</span> <span class='ocrx_word' id='word_1_195' title='bbox 1092 1712 1211 1732; x_wconf 89' lang='lat' dir='ltr'>nervum</span> <span class='ocrx_word' id='word_1_196' title='bbox 1243 1702 1354 1740; x_wconf 86' lang='lat' dir='ltr'>videre,</span> <span class='ocrx_word' id='word_1_197' title='bbox 1385 1708 1435 1732; x_wconf 89' lang='lat' dir='ltr'>aut</span> <span class='ocrx_word' id='word_1_198' title='bbox 1458 1703 1682 1743; x_wconf 76' lang='lat' dir='ltr'>descriptionem</span> <span class='ocrx_word' id='word_1_199' title='bbox 1704 1707 1807 1743; x_wconf 84' lang='lat' dir='ltr'>ipsius,</span> <span class='ocrx_word' id='word_1_200' title='bbox 1829 1717 1916 1746; x_wconf 88' lang='lat' dir='ltr'>qnam</span> <span class='ocrx_word' id='word_1_201' title='bbox 1938 1709 2023 1739; x_wconf 89' lang='lat' dir='ltr'>modo</span> 
     </span>
     <span class='ocr_line' id='line_1_20' title="bbox 487 1775 2022 1821; baseline 0.007 -16"><span class='ocrx_word' id='word_1_202' title='bbox 487 1776 669 1806; x_wconf 83' lang='lat' dir='ltr'>exhibuimus</span> <span class='ocrx_word' id='word_1_203' title='bbox 701 1775 796 1814; x_wconf 78' lang='lat' dir='ltr'>legere</span> <span class='ocrx_word' id='word_1_204' title='bbox 832 1786 920 1815; x_wconf 85' lang='lat' dir='ltr'>posse</span> <span class='ocrx_word' id='word_1_205' title='bbox 942 1776 1097 1814; x_wconf 86' lang='lat' dir='ltr'>credimus,</span> <span class='ocrx_word' id='word_1_206' title='bbox 1119 1779 1187 1816; x_wconf 91' lang='lat' dir='ltr'>quin</span> <span class='ocrx_word' id='word_1_207' title='bbox 1208 1777 1293 1807; x_wconf 81' lang='lat' dir='ltr'>facile</span> <span class='ocrx_word' id='word_1_208' title='bbox 1314 1778 1436 1807; x_wconf 86' lang='lat' dir='ltr'>eundem</span> <span class='ocrx_word' id='word_1_209' title='bbox 1460 1789 1524 1807; x_wconf 88' lang='lat' dir='ltr'>eum</span> <span class='ocrx_word' id='word_1_210' title='bbox 1547 1789 1615 1808; x_wconf 85' lang='lat' dir='ltr'>esse</span> <span class='ocrx_word' id='word_1_211' title='bbox 1637 1786 1787 1818; x_wconf 74' lang='lat' dir='ltr'>agnoscat,</span> <span class='ocrx_word' id='word_1_212' title='bbox 1810 1784 1857 1821; x_wconf 89' lang='lat' dir='ltr'>qui</span> <span class='ocrx_word' id='word_1_213' title='bbox 1887 1794 2022 1815; x_wconf 83' lang='lat' dir='ltr'>nervus</span> 
     </span>
     <span class='ocr_line' id='line_1_21' title="bbox 488 1851 2024 1898; baseline 0.007 -19"><span class='ocrx_word' id='word_1_214' title='bbox 488 1851 664 1880; x_wconf 84' lang='lat' dir='ltr'>lateralis</span> <span class='ocrx_word' id='word_1_215' title='bbox 699 1852 727 1879; x_wconf 90' lang='lat' dir='ltr'>in</span> <span class='ocrx_word' id='word_1_216' title='bbox 763 1851 896 1890; x_wconf 85' lang='lat' dir='ltr'>piscibus</span> <span class='ocrx_word' id='word_1_217' title='bbox 927 1856 1055 1889; x_wconf 85' lang='lat' dir='ltr'>vocatur,</span> <span class='ocrx_word' id='word_1_218' title='bbox 1077 1856 1108 1882; x_wconf 86' lang='lat' dir='ltr'>et</span> <span class='ocrx_word' id='word_1_219' title='bbox 1128 1863 1212 1893; x_wconf 91' lang='lat' dir='ltr'>quem</span> <span class='ocrx_word' id='word_1_220' title='bbox 1234 1856 1262 1883; x_wconf 92' lang='lat' dir='ltr'>in</span> <span class='ocrx_word' id='word_1_221' title='bbox 1285 1853 1379 1893; x_wconf 82' lang='lat' dir='ltr'>Pipae</span> <span class='ocrx_word' id='word_1_222' title='bbox 1406 1857 1502 1883; x_wconf 78' lang='lat' dir='ltr'>nervis</span> <span class='ocrx_word' id='word_1_223' title='bbox 1525 1855 1704 1894; x_wconf 82' lang='lat' dir='ltr'>exponendis</span> <span class='ocrx_word' id='word_1_224' title='bbox 1726 1859 1780 1886; x_wconf 84' lang='lat' dir='ltr'>iam</span> <span class='ocrx_word' id='word_1_225' title='bbox 1804 1856 2024 1898; x_wconf 86' lang='lat' dir='ltr'>descripsimus.</span> 
     </span>
     <span class='ocr_line' id='line_1_22' title="bbox 489 1925 2021 1974; baseline 0.005 -19"><span class='ocrx_word' id='word_1_226' title='bbox 489 1925 602 1955; x_wconf 86' lang='lat' dir='ltr'>Pariter</span> <span class='ocrx_word' id='word_1_227' title='bbox 634 1927 710 1954; x_wconf 86' lang='lat' dir='ltr'>enim</span> <span class='ocrx_word' id='word_1_228' title='bbox 741 1929 829 1964; x_wconf 87' lang='lat' dir='ltr'>atque</span> <span class='ocrx_word' id='word_1_229' title='bbox 856 1927 904 1955; x_wconf 90' lang='lat' dir='ltr'>ille</span> <span class='ocrx_word' id='word_1_230' title='bbox 925 1937 976 1966; x_wconf 84' lang='lat' dir='ltr'>per</span> <span class='ocrx_word' id='word_1_231' title='bbox 997 1930 1088 1957; x_wconf 87' lang='lat' dir='ltr'>totius</span> <span class='ocrx_word' id='word_1_232' title='bbox 1109 1930 1241 1968; x_wconf 86' lang='lat' dir='ltr'>corporis</span> <span class='ocrx_word' id='word_1_233' title='bbox 1260 1929 1339 1959; x_wconf 87' lang='lat' dir='ltr'>latus</span> <span class='ocrx_word' id='word_1_234' title='bbox 1360 1939 1454 1969; x_wconf 90' lang='lat' dir='ltr'>usque</span> <span class='ocrx_word' id='word_1_235' title='bbox 1475 1929 1511 1959; x_wconf 91' lang='lat' dir='ltr'>ad</span> <span class='ocrx_word' id='word_1_236' title='bbox 1534 1930 1656 1959; x_wconf 85' lang='lat' dir='ltr'>caudam</span> <span class='ocrx_word' id='word_1_237' title='bbox 1678 1931 1840 1968; x_wconf 81' lang='lat' dir='ltr'>descendit,</span> <span class='ocrx_word' id='word_1_238' title='bbox 1862 1933 2021 1974; x_wconf 84' lang='lat' dir='ltr'>eademque</span> 
     </span>
     <span class='ocr_line' id='line_1_23' title="bbox 487 2000 2016 2043; baseline 0.007 -14"><span class='ocrx_word' id='word_1_239' title='bbox 487 2012 542 2039; x_wconf 87' lang='lat' dir='ltr'>qua</span> <span class='ocrx_word' id='word_1_240' title='bbox 575 2004 602 2030; x_wconf 89' lang='lat' dir='ltr'>in</span> <span class='ocrx_word' id='word_1_241' title='bbox 637 2000 768 2040; x_wconf 88' lang='lat' dir='ltr'>piscibus</span> <span class='ocrx_word' id='word_1_242' title='bbox 799 2001 970 2040; x_wconf 79' lang='lat' dir='ltr'>expanditur</span> <span class='ocrx_word' id='word_1_243' title='bbox 1001 2005 1122 2038; x_wconf 86' lang='lat' dir='ltr'>ratione,</span> <span class='ocrx_word' id='word_1_244' title='bbox 1155 2003 1242 2033; x_wconf 90' lang='lat' dir='ltr'>modo</span> <span class='ocrx_word' id='word_1_245' title='bbox 1274 2009 1306 2033; x_wconf 94' lang='lat' dir='ltr'>ut</span> <span class='ocrx_word' id='word_1_246' title='bbox 1337 2004 1493 2043; x_wconf 78' lang='lat' dir='ltr'>glandulae</span> <span class='ocrx_word' id='word_1_247' title='bbox 1515 2005 1592 2042; x_wconf 83' lang='lat' dir='ltr'>illae,</span> <span class='ocrx_word' id='word_1_248' title='bbox 1614 2005 1807 2035; x_wconf 74' lang='lat' dir='ltr'>subtilissima</span> <span class='ocrx_word' id='word_1_249' title='bbox 1830 2008 1915 2038; x_wconf 83' lang='lat' dir='ltr'>huius</span> <span class='ocrx_word' id='word_1_250' title='bbox 1938 2014 2016 2039; x_wconf 84' lang='lat' dir='ltr'>nervi</span> 
     </span>
     <span class='ocr_line' id='line_1_24' title="bbox 487 2076 2019 2119; baseline 0.007 -15"><span class='ocrx_word' id='word_1_251' title='bbox 487 2076 534 2105; x_wconf 83' lang='lat' dir='ltr'>fila</span> <span class='ocrx_word' id='word_1_252' title='bbox 566 2078 755 2115; x_wconf 82' lang='lat' dir='ltr'>excipientes,</span> <span class='ocrx_word' id='word_1_253' title='bbox 782 2078 810 2105; x_wconf 91' lang='lat' dir='ltr'>in</span> <span class='ocrx_word' id='word_1_254' title='bbox 832 2078 970 2107; x_wconf 87' lang='lat' dir='ltr'>continua</span> <span class='ocrx_word' id='word_1_255' title='bbox 991 2080 1066 2108; x_wconf 88' lang='lat' dir='ltr'>serie</span> <span class='ocrx_word' id='word_1_256' title='bbox 1087 2080 1114 2108; x_wconf 89' lang='lat' dir='ltr'>in</span> <span class='ocrx_word' id='word_1_257' title='bbox 1138 2079 1271 2117; x_wconf 81' lang='lat' dir='ltr'>piscibus</span> <span class='ocrx_word' id='word_1_258' title='bbox 1292 2081 1351 2109; x_wconf 86' lang='lat' dir='ltr'>sint</span> <span class='ocrx_word' id='word_1_259' title='bbox 1373 2080 1543 2116; x_wconf 83' lang='lat' dir='ltr'>collocatae,</span> <span class='ocrx_word' id='word_1_260' title='bbox 1567 2091 1653 2119; x_wconf 86' lang='lat' dir='ltr'>quum</span> <span class='ocrx_word' id='word_1_261' title='bbox 1677 2084 1755 2111; x_wconf 81' lang='lat' dir='ltr'>vario</span> <span class='ocrx_word' id='word_1_262' title='bbox 1778 2083 1879 2112; x_wconf 87' lang='lat' dir='ltr'>ordine</span> <span class='ocrx_word' id='word_1_263' title='bbox 1901 2086 1928 2114; x_wconf 90' lang='lat' dir='ltr'>in</span> <span class='ocrx_word' id='word_1_264' title='bbox 1953 2085 2019 2115; x_wconf 83' lang='lat' dir='ltr'>Tri-</span> 
     </span>
    </p>
   </div>
   <div class='ocr_carea' id='block_1_3' title="bbox 487 2150 937 2190">
    <p class='ocr_par' dir='ltr' id='par_1_5' title="bbox 487 2150 937 2190">
     <span class='ocr_line' id='line_1_25' title="bbox 487 2150 937 2190; baseline 0.002 -10"><span class='ocrx_word' id='word_1_265' title='bbox 487 2151 605 2180; x_wconf 82' lang='lat' dir='ltr'>tonibus</span> <span class='ocrx_word' id='word_1_266' title='bbox 626 2153 685 2180; x_wconf 88' lang='lat' dir='ltr'>sint</span> <span class='ocrx_word' id='word_1_267' title='bbox 707 2150 879 2190; x_wconf 86' lang='lat' dir='ltr'>dispositae.</span> <span class='ocrx_word' id='word_1_268' title='bbox 902 2171 937 2175; x_wconf 95' lang='lat'>—</span> 
     </span>
    </p>
   </div>
   <div class='ocr_carea' id='block_1_4' title="bbox 645 2400 1012 2489">
    <p class='ocr_par' dir='ltr' id='par_1_6' title="bbox 645 2400 1012 2489">
     <span class='ocr_line' id='line_1_26' title="bbox 645 2400 1012 2437; baseline 0.005 -10"><span class='ocrx_word' id='word_1_269' title='bbox 645 2402 685 2433; x_wconf 86' lang='lat' dir='ltr'>(t)</span> <span class='ocrx_word' id='word_1_270' title='bbox 706 2400 816 2429; x_wconf 52' lang='lat' dir='ltr'>Tanti.</span> <span class='ocrx_word' id='word_1_271' title='bbox 843 2401 902 2437; x_wconf 84' lang='lat' dir='ltr'>Fig.</span> <span class='ocrx_word' id='word_1_272' title='bbox 918 2403 959 2435; x_wconf 75' lang='lat' dir='ltr'>tt,</span> <span class='ocrx_word' id='word_1_273' title='bbox 980 2402 1012 2430; x_wconf 89' lang='lat' dir='ltr'>B.</span> 
     </span>
     <span class='ocr_line' id='line_1_27' title="bbox 646 2453 919 2489; baseline -0.004 -4"><span class='ocrx_word' id='word_1_274' title='bbox 646 2454 684 2486; x_wconf 73' lang='lat'>(2)</span> <span class='ocrx_word' id='word_1_275' title='bbox 705 2453 763 2489; x_wconf 86' lang='lat' dir='ltr'>Fig.</span> <span class='ocrx_word' id='word_1_276' title='bbox 785 2454 825 2487; x_wconf 61' lang='lat' dir='ltr'>ll„</span> <span class='ocrx_word' id='word_1_277' title='bbox 846 2464 872 2484; x_wconf 80' lang='lat' dir='ltr'>o.</span> <span class='ocrx_word' id='word_1_278' title='bbox 888 2470 919 2474; x_wconf 94' lang='lat'>-</span> 
     </span>
    </p>
   </div>
  </div>
 </body>
</html>
