2149 3261
1219 282 1305 328 5ss

492 420 521 448 in
543 415 772 452 Salamandrinis
808 426 824 445 e
857 413 933 451 Vagi
966 413 1084 451 ganglio
1117 415 1255 443 orientem
1277 414 1468 450 inveniamus,
1503 414 1551 442 uni
1587 412 1652 442 huie
1674 412 1807 450 familiae,
1842 417 1874 443 ut
1902 413 2025 451 videtur,

493 492 649 532 proprium.
690 489 841 519 Invenitur
873 489 949 517 enim
981 489 1009 517 in
1033 487 1225 518 Salamandra
1256 493 1285 518 et
1307 487 1427 518 Tritone
1459 497 1556 517 ramus
1586 489 1660 518 inter
1690 498 1799 518 ramum
1828 489 2024 518 intestinalem

492 571 521 596 et
539 575 649 596 ramum
671 564 828 603 lingualem
850 574 885 593 ex
906 563 1023 602 ganglia
1046 573 1183 601 nascens,
1210 565 1258 604 qui
1280 567 1440 594 extrorsum
1465 562 1647 593 descendens
1670 562 1903 603 pharyngemque
1925 565 2025 593 nervis

491 643 638 671 instruens
660 640 824 679 complures
856 649 963 678 parvos
995 641 1023 668 in
1055 640 1137 669 initia
1169 649 1337 677 magnorum
1370 648 1522 674 vasorum,
1558 638 1691 678 aliosque
1723 638 1821 678 paullo
1850 639 1973 668 maiores
1994 640 2023 668 in

490 714 661 746 Parotidem
691 714 905 753 glandulasque
939 724 1044 753 parvas
1077 713 1275 744 subcutaneas
1307 716 1411 743 emittit
1443 723 1563 743 nervos:
1598 723 1695 743 ramus
1721 715 1823 752 igitur,
1859 714 1972 751 qualem
1995 715 2023 743 in

491 791 571 823 nullo
601 790 663 820 alio.
691 800 796 828 genere
827 790 882 819 hae
914 789 1004 821 forma
1036 788 1195 829 praeditum
1229 791 1403 820 invenimus.
1445 788 1551 818 Nonne
1582 793 1677 818 tamen
1709 791 1735 819 is
1767 793 1796 818 et
1823 789 1863 818 ihi
1885 788 2023 824 fortasse,

491 866 576 898 aliam
598 865 694 895 forsan
717 864 855 894 exhibens
877 866 1014 904 speeiem,
1035 863 1145 894 aderit?
1181 864 1268 903 Quod
1311 864 1424 904 quidem
1447 863 1481 893 de
1502 863 1597 903 aliqua
1619 864 1723 893 saltem
1745 865 1839 903 ipsius
1860 868 1941 903 parte
1963 866 2023 893 iure

491 939 628 970 contendi
651 944 765 978 potest,
801 939 837 970 de
868 941 956 969 ramis
989 940 1119 969 nimirum
1152 939 1211 969 illis
1242 938 1278 969 ad
1311 939 1487 978 pharyngem
1520 940 1653 976 emissis,
1687 940 1792 979 quippe
1823 940 1871 979 qui
1893 949 1971 968 ramo
1994 940 2023 968 in

491 1014 614 1052 Bufone,
645 1014 741 1052 Rana,
774 1014 859 1053 Hyla,
894 1014 1046 1050 Pelobate,
1070 1014 1286 1051 Bombinatore,
1308 1013 1532 1054 llypochthone,
1556 1013 1685 1044 Caecilia
1706 1025 1722 1045 a
1743 1014 2022 1053 Glossopharyngeo

489 1089 527 1120 ad
547 1089 647 1121 tauces
681 1090 789 1119 emisso
821 1090 886 1119 sine
908 1089 998 1120 dubio
1027 1089 1238 1128 respondea1113
1274 1100 1338 1119 nam
1372 1100 1465 1129 neque
1498 1091 1525 1119 in
1549 1088 1755 1126 salamandra,
1787 1100 1882 1129 neque
1904 1091 1931 1118 in
1955 1089 2022 1118 Tri-

489 1168 556 1194 tone
592 1164 680 1194 talem
715 1164 751 1195 ab
787 1165 846 1195 ullo
880 1165 1001 1194 aliorum
1037 1175 1179 1195 ramorum
1220 1164 1256 1195 ad
1292 1165 1470 1203 pliaryngem
1505 1166 1642 1195 emissum
1677 1166 1857 1204 repperimus
1893 1174 2022 1194 nervum.

489 1238 531 1269 Se
552 1242 643 1279 ipsam
667 1241 754 1277 igitur
775 1239 858 1270 uobis
880 1239 999 1280 praebet
1030 1241 1194 1278 sententia,
1225 1251 1335 1270 ramum
1358 1241 1568 1280 pharyngeum,
1604 1250 1687 1278 quem
1718 1242 1747 1269 in
1779 1241 1898 1278 reliquis
1930 1242 2020 1268 onini-

489 1314 545 1345 bus
567 1325 630 1344 cum
653 1314 935 1354 Glossopharyngeo
958 1317 1143 1345 coniunctum
1167 1317 1348 1352 invenimus,
1384 1318 1412 1344 in
1439 1314 1669 1345 Salamandrinis
1701 1315 1737 1344 ab
1770 1315 1819 1344 illo
1852 1313 2019 1343 distinctum

488 1400 571 1427 esse,
606 1400 743 1429 eumque,
779 1390 940 1420 liberiorem
972 1390 1093 1427 factum,
1128 1399 1192 1419 cum
1225 1392 1314 1420 ramis
1345 1389 1380 1419 ad
1413 1400 1484 1420 vasa
1515 1399 1619 1428 magua
1642 1388 1856 1428 glandulasque
1877 1392 2018 1419 cutaneas

487 1464 695 1495 accedentibus
717 1468 883 1504 separatum
906 1464 1028 1494 formare
1050 1474 1179 1495 nervum.

646 1538 726 1577 Quid
757 1543 852 1568 autem
885 1537 921 1567 de
949 1540 1021 1577 ipsis
1044 1538 1089 1567 his
1110 1537 1147 1567 ad
1169 1547 1272 1575 magna
1295 1548 1366 1567 vasa
1390 1540 1507 1567 emissis
1531 1539 1626 1567 nervis
1649 1537 1802 1567 dicamus?
1825 1537 1878 1567 Cui
1901 1537 2017 1576 quidem

487 1615 651 1654 quaestioni
683 1623 854 1652 responsum
888 1613 977 1642 multo
1010 1612 1155 1642 difficilius
1186 1612 1288 1642 estad
1310 1612 1525 1648 inveniendum,
1546 1622 1630 1650 quam
1655 1613 1704 1644 illi.
1747 1612 1852 1642 Nullus
1875 1614 1948 1642 euim
1971 1623 2016 1642 ra-

486 1699 596 1719 morum
630 1697 665 1717 ex
698 1686 775 1725 Vagi
807 1686 924 1725 ganglio
956 1697 1046 1726 penes
1074 1686 1224 1717 Ecaudata
1247 1689 1398 1717 orientium
1422 1687 1497 1716 tales
1521 1686 1557 1716 ad
1579 1697 1651 1716 vasa
1673 1689 1778 1717 emittit
1801 1698 1917 1724 nervos,
1940 1697 2016 1727 quos

487 1766 573 1803 igitur
603 1765 631 1792 in
662 1762 717 1792 hac
748 1761 854 1790 familia
887 1766 937 1791 aut
958 1772 1076 1800 prorsus
1098 1761 1266 1798 desiderari,
1288 1765 1337 1792 aut
1358 1762 1394 1790 ab
1417 1762 1473 1790 alio
1495 1763 1584 1791 emitti
1608 1772 1696 1791 nervo
1718 1767 1846 1802 apparet.
1889 1763 1927 1792 Et
1949 1772 2014 1802 pro-

485 1839 561 1869 lecto
590 1847 686 1873 nemo,
719 1838 765 1874 qui
800 1846 933 1876 umquam
964 1836 1077 1868 Ranam
1105 1840 1155 1866 aut
1175 1836 1314 1868 Bufonem
1337 1836 1455 1866 cultello
1478 1839 1671 1876 praeparavit,
1693 1841 1721 1866 et
1742 1839 1879 1867 extractis
1900 1839 2014 1867 intesti-

486 1915 532 1943 nis
567 1912 729 1942 columuam
766 1911 957 1940 vertebralem
993 1913 1160 1941 accuratius
1194 1911 1337 1951 adspexit,
1371 1921 1514 1949 maguam,
1549 1921 1633 1950 quam
1669 1911 1708 1941 ibi
1745 1911 1874 1942 ostendit
1905 1921 2013 1941 nervus

485 1987 683 2028 sympathieus
712 1988 909 2016 extensionem
943 1996 998 2016 non
1030 1988 1083 2016 erit
1107 1988 1235 2023 miratus,
1258 1988 1365 2026 quippe
1387 1988 1435 2026 qui
1456 1996 1560 2024 magna
1581 1987 1763 2025 gangliorum
1785 1989 1860 2016 serie
1883 1988 1910 2016 iu
1934 1991 2013 2017 utro-

484 2073 540 2103 que
571 2063 722 2092 columnae
753 2061 924 2092 vertebralis
956 2062 1044 2091 latere
1075 2061 1111 2091 ad
1145 2063 1289 2101 posterius
1322 2061 1491 2098 descendat,
1523 2061 1791 2100 subtilissimosque
1814 2063 1951 2091 continuo
1974 2061 2011 2091 ad

485 2140 624 2168 intestina
655 2138 766 2166 emittat
796 2146 902 2167 ramos.
944 2136 1074 2175 Quorum
1106 2139 1230 2166 omnium
1263 2138 1291 2166 iu
1314 2136 1503 2166 Salamandra
1527 2140 1555 2166 et
1578 2136 1699 2166 Tritone
1721 2137 1767 2166 vix
1790 2137 1945 2174 vestigium
1968 2138 2010 2166 in—

484 2215 604 2243 venitur.
647 2211 802 2250 Pei-peram
838 2211 878 2240 ibi
913 2214 1042 2250 quaesivi
1079 2216 1186 2251 partem
1221 2211 1299 2242 illam
1335 2211 1510 2250 cephalicam
1548 2215 1604 2241 tam
1641 2211 1779 2241 distincte
1815 2214 1842 2241 iu
1875 2211 2010 2242 omnibus

483 2286 642 2318 Ecaudatis
674 2296 742 2316 arcu
778 2288 805 2316 in
841 2286 903 2316 basi
938 2289 1024 2316 cranii
1058 2297 1091 2316 ex
1125 2286 1292 2325 Trigemiuo
1320 2285 1355 2318 ad
1384 2285 1460 2324 Vagi
1482 2287 1621 2325 ganglion
1644 2286 1809 2316 tendentem
1825 2286 1882 2323 (l),
1904 2286 2008 2317 frustra

643 2441 681 2472 (1)
702 2439 768 2468 Tan.
787 2439 806 2473 l,
826 2439 884 2475 Fig.
906 2440 929 2472 l,
949 2440 974 2472 2,
993 2439 1018 2472 3,
1038 2440 1074 2467 4:
1093 2448 1139 2468 ss.
