2149 3261
1214 306 1298 351 111

651 440 795 470 Parium
832 440 935 467 tertii
971 440 1046 467 enim
1082 442 1110 466 et
1146 437 1326 477 quarti(l)
1358 436 1505 468 radicibus
1533 437 1633 468 eadem
1655 448 1688 467 se
1710 437 1885 468 habentibus
1908 439 2021 467 ratione

494 526 551 556 qua
584 517 612 544 in
646 515 774 552 reliquis,
806 515 888 542 nervi
920 512 1124 551 Trigemini
1158 514 1238 550 origo
1266 512 1424 552 aliqantum
1447 512 1546 544 differt.
1589 513 1710 543 Praeter
1731 513 1854 552 amplam
1877 513 1967 550 illam,
1988 524 2023 543 ex
2046 551 2054 561 .

492 595 619 620 extremo
634 588 778 619 medullae
793 588 967 627 oblongatae
982 589 1111 626 margine
1124 587 1271 617 oriundam
1287 587 1423 625 radicem,
1436 598 1508 627 quae
1521 590 1669 619 maximam
1683 589 1769 618 buius
1782 590 1860 618 nervi
1874 590 2023 628 componit

493 670 602 705 partem
616 665 673 703 (2),
695 664 775 694 aliud
798 665 924 694 cernitur
946 663 1169 693 subtilissimum
1192 662 1269 692 filum
1292 663 1389 702 paullo
1410 669 1477 692 ante
1500 668 1528 692 et
1549 673 1636 702 snpra
1657 664 1734 693 illam
1757 674 1791 693 ex
1809 662 1952 693 medullae
1968 663 2021 693 ob-

493 741 627 779 longatae
649 742 778 778 margine
799 749 924 769 nascens
938 739 994 776 (3).
1038 738 1146 768 Tendit
1169 737 1239 767 illud
1261 738 1297 768 ad
1320 740 1445 768 exterius
1468 743 1496 768 et
1517 740 1655 776 anterius,
1678 744 1706 768 et
1729 739 1865 778 peridem
1882 738 2024 776 foramen,

492 825 549 855 quo
584 816 633 845 illa
670 815 828 854 Trigemini
856 814 938 844 radix
960 824 977 843 e
998 815 1096 844 cranio
1119 823 1280 852 egressum,
1301 824 1378 843 nunc
1400 813 1512 843 demun»
1536 825 1599 844 cum
1623 814 1676 843 hoc
1698 825 1786 844 nervo
1809 825 1842 844 se
1865 816 2023 852 coniungit.

492 890 632 921 Radicem
665 890 718 920 hoc
741 889 817 920 filum
841 891 992 919 motoriam
1014 891 1094 929 paris
1116 891 1206 929 quinti
1230 899 1297 918 esse
1319 888 1452 926 arbitror,
1480 900 1565 928 quum
1588 890 1707 919 alteram
1730 890 1818 925 illam,
1840 900 1914 929 quae
1936 891 2021 919 eliam

493 967 521 995 in
556 965 713 995 minoribus
749 965 906 1002 Ranarum,
943 963 1097 1002 Bufonum,
1134 964 1272 1003 Hylarum
1301 969 1355 994 cet.
1378 964 1504 995 cerebris
1527 964 1661 995 facillime
1683 966 1811 995 cernitur
1832 967 2022 1004 posteriorem

494 1041 578 1070 liuius
600 1043 679 1070 nervi
702 1040 827 1070 radicem
851 1041 911 1068 veri
936 1041 976 1069 sit
997 1040 1185 1071 simillimum.

655 1115 752 1144 Nervo
775 1113 1048 1151 Abducente(4)
1071 1116 1155 1144 etiam
1179 1114 1252 1154 Pipa
1274 1114 1425 1154 dorsigera
1448 1119 1493 1145 est
1514 1115 1653 1155 praedita,
1676 1121 1706 1145 et
1727 1117 1826 1145 mirum
1849 1126 1922 1145 sane
1943 1115 2025 1145 vide-

496 1195 550 1227 tur,
585 1199 653 1219 esse
687 1190 741 1219 hoc
768 1189 885 1226 animal,
908 1191 991 1219 cuius
1013 1190 1089 1219 oculi
1111 1190 1166 1219 sub
1189 1194 1255 1220 cute
1276 1195 1345 1221 sunt
1366 1191 1460 1228 celati,
1482 1191 1669 1221 nihilominus
1692 1200 1747 1220 non
1771 1190 1857 1220 modo
1880 1191 2024 1227 omnibus,

494 1266 542 1303 qui
573 1265 684 1295 liuncce
708 1268 833 1302 movent,
862 1265 1012 1301 musculir,
1042 1264 1096 1294 sed
1117 1267 1202 1295 etiam
1224 1267 1338 1296 cunctis
1361 1266 1464 1304 tribus,
1486 1268 1533 1306 qui
1555 1267 1621 1296 illos
1643 1268 1800 1303 instruunt,
1824 1267 1922 1295 nervis
1942 1275 2026 1304 prae—

495 1340 594 1370 ditum.

653 1415 786 1444 Ceterum
808 1424 860 1452 par
880 1417 993 1442 sextum
1028 1422 1084 1442 non
1106 1412 1243 1451 liberum,
1280 1418 1310 1443 ut
1332 1417 1359 1444 in
1381 1414 1507 1452 Bufone,
1542 1414 1596 1445 sed
1625 1425 1688 1444 cum
1712 1414 1881 1453 Trigemino
1905 1415 2024 1444 coniun-

496 1495 586 1526 ctum,
622 1493 652 1518 ut
675 1491 702 1518 in
725 1488 844 1526 reliquis
866 1487 1042 1525 Ecandatis,
1078 1489 1236 1525 invenitur,
1272 1494 1473 1529 extremaeque
1505 1492 1532 1519 in
1555 1489 1628 1529 Pipa
1651 1495 1696 1519 est
1718 1491 1900 1527 exiguitatis,
1936 1492 1974 1519 ita
1999 1493 2028 1518 ut

498 1566 668 1593 cautissime
690 1565 832 1593 removeri
855 1567 1010 1603 oporteant
1031 1566 1228 1602 integumenta
1249 1565 1368 1602 cerebri,
1404 1575 1490 1604 quum
1516 1565 1574 1595 illis
1595 1565 1734 1595 tollendis
1757 1565 1891 1595 facillime
1912 1575 2029 1604 quoque

495 1643 642 1678 rumpatur
663 1649 776 1668 nervus.

653 1713 769 1742 Nervus
792 1713 1013 1749 Acusticus‚
1050 1713 1085 1742 ab
1109 1717 1234 1744 extremo
1265 1714 1408 1744 medullae
1440 1715 1614 1752 oblongalae
1637 1717 1765 1753 margine
1788 1720 1888 1751 natus,
1925 1717 2030 1754 pariter

494 1794 582 1828 atque
612 1789 640 1816 in
672 1786 804 1816 omnihus
828 1786 989 1816 Eeaudatis
1022 1787 1146 1817 radicem
1180 1790 1254 1818 satis
1276 1800 1407 1827 magnam
1439 1789 1476 1820 ad
1500 1789 1697 1828 Trigeminum
1726 1792 1830 1819 emittit
1845 1790 1905 1827 (5),
1941 1801 2026 1829 quam

502 1864 582 1892 nervi
607 1861 734 1891 Facialis
758 1863 896 1899 originem
930 1872 998 1892 csse
1029 1873 1116 1902 supra
1150 1867 1446 1894 commemoravimus.
1488 1866 1585 1903 Quum
1618 1870 1713 1894 tamen
1746 1867 1824 1904 paria
1846 1869 1978 1894 octavum
2001 1871 2029 1896 et

502 1939 655 1976 septimum
678 1939 706 1966 in
730 1937 873 1973 omnibus,
906 1947 980 1975 qnae
1001 1937 1150 1976 hucusque
1174 1939 1382 1978 descripsimus
1404 1941 1575 1978 generibus,
1598 1942 1626 1970 in
1649 1950 1695 1978 eo,
1716 1950 1774 1979 quo
1795 1950 1811 1969 a
1835 1941 1952 1970 cerebro
1974 1943 2028 1971 ori-

498 2017 594 2048 untur,
617 2013 681 2041 loco
717 2013 883 2041 arclissime
906 2013 965 2040 sint
988 2015 1146 2049 coniuncti,
1182 2020 1210 2044 et
1230 2016 1317 2044 unius
1339 2020 1448 2044 tantum
1478 2018 1557 2044 nervi
1579 2015 1737 2054 praebeant
1758 2017 1897 2054 speciem:
1933 2026 2025 2053 genus

497 2087 571 2127 Pipa
593 2097 695 2117 novam
719 2088 845 2125 ipsorum
868 2086 984 2117 exhibet
1005 2088 1131 2120 formam.
1156 2089 1290 2120 Cranium
1319 2093 1392 2120 enini
1416 2101 1431 2120 a
1455 2090 1517 2120 basi
1540 2092 1679 2129 aperienti
1703 2095 1816 2129 praeter
1837 2101 1932 2120 veram
1947 2093 2024 2121 Aeu-

655 2248 693 2280 (1)
714 2247 779 2276 Tab.
800 2248 832 2274 ll.
863 2248 921 2282 Fig.
944 2250 965 2279 Ι,
985 2249 1001 2275 3
1021 2254 1047 2276 et
1065 2250 1091 2278 4.

655 2302 693 2333 (⁶2)
714 2301 779 2329 Tab.
800 2301 833 2327 ll.
864 2301 922 2336 Fig.
945 2303 967 2333 l,
987 2303 1012 2328 5.

656 2354 696 2386 (3)
715 2354 781 2382 Tab.
802 2354 833 2382 ll.
865 2355 923 2389 Fig.
945 2356 967 2386 1,
989 2364 1013 2389 η.

657 2409 696 2439 (4)
716 2407 774 2442 Fig.
797 2409 819 2439 Ι,
840 2407 864 2435 6.

656 2462 694 2493 (5)
714 2460 780 2489 Tab.
800 2461 831 2487 ll.
864 2461 914 2497 Fig
935 2462 957 2490 1.
978 2471 1005 2489 α.
