2149 3261
807 283 893 327 29

85 413 145 450 glio
179 415 257 452 paris
289 416 379 453 quinti
412 417 539 444 orientes
572 419 731 453 quaereret.
775 415 876 454 Neque
910 420 1004 445 tamen
1037 418 1151 446 omnino
1173 416 1376 447 desiderantur
1397 417 1424 446 lii
1448 420 1517 447 rami
1540 418 1616 457 apud

85 487 317 525 salamandr-ina,
349 500 435 528 quum
468 499 568 519 ramus
601 491 741 527 iugularis
776 494 845 529 post
876 501 910 519 os
943 494 1089 529 petrosum
1124 494 1299 529 proveniens
1321 492 1398 522 clare
1420 502 1455 522 ac
1477 492 1615 522 distincte

86 564 292 602 conspiciatur,
323 573 420 594 ramus
457 564 614 603 palatinus,
644 575 661 594 a
688 565 752 595 basi
774 569 860 604 caput
882 564 1092 594 Salamandrae
1113 569 1164 594 aut
1187 564 1320 595 Tritonis
1342 568 1508 605 inspicienti
1531 568 1615 597 facile

84 639 111 666 iu
144 638 246 668 oculos
278 641 412 670 incurrat.
454 639 552 677 Quum
585 644 680 670 tamen
713 641 740 668 in
774 638 934 669 Ecaudatis
955 649 972 668 e
992 639 1109 678 ganglia
1131 642 1209 679 paris
1231 642 1323 680 quinti
1347 643 1456 670 oriatur
1477 646 1614 681 uterque:

85 714 112 742 in
136 712 328 743 salamandra
349 714 385 743 ab
409 716 473 752 ipso
498 714 607 744 Faciali
630 714 687 744 duo
709 714 736 743 hi
760 715 830 743 rami
853 718 1010 744 nascentes
1033 716 1227 746 inveniuntur.

240 788 283 817 Ex
315 791 393 828 paris
424 791 539 828 septimi
571 788 689 826 ganglio
721 790 795 818 euim
828 792 887 819 tres
919 791 947 819 iu
977 789 1168 820 salamandra
1192 789 1335 829 prodeunt
1356 793 1442 820 rami:
1464 791 1615 829 iugulat-is,

84 864 229 902 palatinus
252 868 281 893 et
302 863 467 895 alveolaris.

241 937 354 968 Ramus
388 938 526 975 iugularis
540 938 586 975 (l)
610 937 646 968 ad
669 937 788 968 iuferius
811 943 838 968 et
861 941 1008 978 posterius
1029 939 1152 969 flectitur
1173 944 1203 969 et
1227 942 1253 970 in
1276 939 1382 970 finibus
1404 943 1484 970 ossis
1505 943 1615 980 petrosi

82 1016 112 1041 et
143 1014 222 1043 ossis
255 1012 387 1053 quadrati
423 1023 584 1050 recurrens,
608 1017 674 1052 post
694 1014 766 1044 haec
787 1024 857 1045 ossa
878 1014 914 1045 ad
937 1019 1127 1054 conspectum
1150 1017 1238 1052 veuit,
1260 1025 1324 1045 cum
1347 1026 1427 1045 ramo
1450 1018 1611 1045 communi-

82 1092 166 1117 cante
199 1088 470 1128 Glossopharyngei
501 1099 535 1118 sc
568 1091 784 1121 coniuncturus.
827 1089 885 1128 Qui
918 1090 972 1119 hac
994 1092 1198 1120 coniunctione
1220 1090 1360 1119 formatur
1382 1100 1490 1119 nervus
1512 1101 1527 1120 a
1552 1101 1614 1120 mu-

80 1163 165 1192 sculo
198 1163 327 1192 levatore
360 1163 493 1193 maxillae
525 1163 669 1193 inferioris
700 1168 796 1194 tectus
830 1167 903 1194 inter
924 1166 1000 1194 hunc
1022 1165 1184 1195 musculum
1207 1170 1235 1195 et
1257 1175 1292 1195 os
1314 1164 1483 1203 quadratum
1506 1165 1542 1195 ad
1565 1177 1613 1194 ex-

80 1239 169 1266 terius
202 1242 230 1267 et
264 1237 381 1267 inferius
404 1238 566 1275 descendit,
588 1239 718 1268 musculo
740 1240 782 1268 illi
804 1249 838 1268 se
860 1243 967 1277 tegenti
990 1250 1087 1269 ramos
1111 1241 1256 1280 quosdam
1280 1240 1485 1279 suppeditans.
1528 1241 1614 1271 Brevi

78 1316 145 1340 unte
175 1314 359 1341 insertionem
397 1314 481 1342 liuius
514 1314 638 1343 musculi
664 1316 692 1343 iu
722 1324 891 1353 processum
913 1317 1059 1353 posticum
1082 1316 1215 1345 maxillae
1238 1315 1393 1352 inferioris,
1414 1316 1470 1345 sub
1494 1326 1612 1345 muscu-

80 1387 136 1415 lum
173 1389 396 1416 coustrictorem
434 1387 558 1416 faucium
594 1392 742 1418 externum
756 1388 803 1426 (2)
839 1387 1001 1426 descendit,
1036 1399 1132 1420 ramos
1168 1392 1196 1419 iu
1233 1392 1328 1428 ipsum
1351 1393 1464 1427 emittit,
1489 1395 1517 1420 et
1541 1401 1615 1428 mox,

81 1465 238 1500 postquam
270 1462 298 1490 iu
331 1460 437 1490 finibus
469 1461 555 1490 huius
588 1463 713 1492 musculi
744 1467 772 1491 et
795 1465 996 1492 constrictoris
1017 1463 1141 1493 faucium
1164 1466 1269 1493 interni
1293 1464 1406 1502 (Fuuk)
1428 1464 1465 1494 ad
1488 1475 1614 1505 conspe-

81 1540 156 1565 ctum
189 1538 277 1571 venit,
309 1535 345 1565 ad
378 1537 498 1565 interius
532 1546 567 1566 se
592 1538 745 1573 convertit,
767 1537 866 1566 multis
891 1537 1038 1567 fasciculis
1059 1537 1136 1568 hunc
1158 1539 1320 1568 musculum
1344 1545 1499 1579 curtemque
1520 1543 1615 1578 ipsum

80 1615 226 1648 tegentem
249 1613 454 1640 instructurus.

237 1685 348 1715 Ramus
381 1686 527 1723 palatinus
539 1685 587 1723 (3)
611 1696 661 1724 per
692 1685 818 1716 {oramen
850 1689 878 1716 in
912 1689 990 1717 ossi·
1019 1688 1188 1727 sphenoidei
1212 1687 1275 1717 basi
1299 1691 1427 1727 positum
1451 1689 1614 1727 descendit,

81 1768 109 1792 et
140 1761 177 1791 ad
209 1762 338 1789 anterius
361 1765 390 1789 et
411 1762 532 1790 interius
555 1771 588 1789 se
610 1765 784 1791 convertens
807 1763 1015 1801 musculosque
1036 1768 1147 1792 rectum
1170 1768 1317 1793 externum
1340 1768 1369 1792 et
1391 1767 1613 1802 suspensorium

78 1835 318 1871 transscnndeus,
351 1845 519 1875 processum
554 1835 676 1874 lyratum
712 1839 793 1866 ossis
825 1837 943 1876 palatini
977 1838 1058 1867 subit
1087 1843 1115 1867 et
1136 1839 1172 1868 ad
1195 1841 1339 1868 anteriora
1363 1838 1417 1867 sub
1440 1849 1474 1868 eo
1498 1849 1614 1877 progre-

78 1914 161 1943 diens
194 1910 320 1940 ramulos
352 1911 491 1939 continuo
514 1920 622 1949 parvos
644 1911 680 1940 ad
704 1888 897 1941 membra-nam
921 1913 1010 1952 palati
1034 1915 1146 1944 emittit.
1190 1913 1296 1942 Autice
1325 1923 1425 1942 vomer
1446 1918 1614 1943 transscen-

79 1989 130 2025 dit,
152 1987 188 2016 ad
212 1987 348 2025 superins
371 1985 507 2022 flectitur,
530 1991 559 2015 et
580 1987 693 2023 exiguis
716 1986 771 2016 filis
794 1989 822 2016 iu
845 1987 1010 2017 membrana
1034 1990 1178 2027 pituitaria
1202 1990 1266 2018 nasi
1289 1988 1411 2028 expandi
1435 1989 1556 2020 videtur,

238 2230 277 2260 (l)
299 2228 364 2256 Tab.
386 2228 417 2261 ll,
439 2229 482 2263 fig.
504 2228 536 2255 ΙΙ,
557 2227 580 2254 h.

235 2282 275 2314 (⁶2)
295 2281 386 2308 Funk
412 2281 445 2307 ‹le
475 2282 573 2310 Salam.
603 2287 664 2310 terr.
697 2285 748 2309 vita
781 2288 832 2311 eet.
854 2283 919 2310 Tab.
942 2284 985 2315 ΙΙΙ,
1007 2284 1048 2318 fig.
1073 2285 1083 2310 l
1107 2288 1133 2310 et
1152 2285 1176 2315 ⁶2.
1197 2284 1222 2313 h.
1262 2284 1342 2319 Quod
1362 2285 1395 2311 ad
1416 2285 1538 2311 effectum
1558 2293 1614 2311 ner-

80 2344 187 2370 vosque
215 2335 248 2360 ab
277 2336 342 2369 ipsis
369 2339 502 2369 exceptos
521 2337 624 2368 attinet,
645 2336 721 2363 iidem
743 2337 794 2363 duo
816 2337 838 2363 hi
861 2337 971 2363 faucium
993 2338 1187 2365 constrictores
1208 2341 1270 2365 sunt
1290 2338 1410 2369 musculi,
1431 2339 1475 2373 qui
1496 2337 1615 2365 seanda-

82 2395 168 2416 torum
189 2387 377 2423 stylohyoidei.

236 2441 275 2473 (3)
297 2440 362 2467 Tab.
384 2439 412 2471 ll,
434 2441 476 2475 fig.
499 2441 531 2472 ΙΙ,
552 2441 568 2469 f.
