2149 3261
823 265 910 310 8⁷

105 395 254 434 branaque
287 398 413 434 tympani
447 396 634 434 cartilaginea
669 396 735 426 sub
770 401 854 426 cute
886 397 1025 426 latente
1052 401 1120 426 sunt
1143 399 1293 428 instructa.
1335 397 1438 436 Neque
1460 407 1632 437 quemquam

106 480 173 499 csse
209 475 352 509 putamus,
388 472 456 509 qnin
493 470 563 500 liaee
599 470 635 500 ab
670 471 869 500 illustrissimo
905 473 967 500 viro
1001 471 1114 509 prolata
1150 471 1317 502 discrimina
1353 476 1433 502 tanta
1460 481 1530 502 esse
1550 470 1634 502 facile

106 545 259 583 intelligat,
294 550 401 584 quanta
437 544 473 574 ad
509 555 614 575 novam
650 545 841 574 snbiamiliam
877 543 1053 575 formandam
1087 544 1248 582 sufficiant;
1270 548 1316 576 cui
1339 550 1434 576 tamen
1456 557 1491 576 an
1514 557 1545 577 re
1566 557 1635 578 vera

106 621 145 648 sit
178 619 348 649 tribuendus
384 620 433 649 ille
466 623 599 659 superior
631 622 658 649 in
681 623 840 658 systemate
862 619 1012 657 zoologico
1034 620 1126 657 locns,
1147 630 1206 650 non
1227 624 1284 658 est,
1306 620 1385 660 quod
1407 630 1442 650 ex
1463 624 1633 651 anatomicis

107 698 172 725 istis
209 694 324 725 indiciis
360 694 444 724 facile
478 697 575 733 possit
608 693 767 725 diiudicari.
809 693 899 731 Quid,
934 694 1012 734 quod
1048 695 1149 725 eadem
1184 694 1256 725 haee
1289 704 1462 733 organorum
1497 706 1635 727 sensuum

107 773 202 800 minus
224 769 348 808 perlecta
371 769 559 799 conformatio
581 769 638 799 iere
660 778 716 798 nos
738 771 827 808 cogit,
849 774 880 800 ut
907 772 935 801 in
957 771 1090 801 interiore
1111 773 1210 810 potius
1232 772 1326 810 ipsam
1348 770 1527 802 collocemus
1549 771 1635 804 loco?

106 844 189 883 Quae
225 853 272 874 res
304 846 383 873 nervi
416 844 546 874 lateralis
578 846 751 883 praesentia,
773 845 830 875 soli
854 845 946 885 Pipae
968 845 1136 884 dorsigerae
1157 847 1231 875 inter
1251 847 1357 883 omnia,
1379 855 1453 885 quae
1476 847 1636 885 investiga-

106 922 202 950 vimus
236 918 449 950 Ecaudatornm
484 928 590 957 genera
626 922 732 958 proprii
769 930 845 950 novo
878 920 1037 951 confirmari
1060 921 1174 951 videtur
1193 925 1373 959 argumento,
1395 923 1474 950 nervi
1496 922 1636 958 nimirum,

105 997 189 1025 cuius
221 996 384 1034 praesentia
415 993 453 1024 ad
475 993 604 1023 Tritonis
631 993 910 1035 Hypochthouisque
931 996 1037 1026 (ornias
1059 996 1115 1026 hoc
1135 1006 1228 1034 genus
1251 998 1371 1036 propius
1393 995 1533 1026 accedere
1554 996 1635 1027 vide-

105 1075 160 1101 tnr.
204 1069 287 1100 Unde
321 1072 360 1099 ita
395 1076 455 1098 tres
490 1069 557 1098 illae
593 1068 718 1099 familiae
752 1070 940 1100 collocandae
975 1071 1108 1100 videntur
1143 1075 1174 1100 nt
1195 1073 1285 1110 prima
1308 1070 1466 1108 Ranarnm‚
1487 1071 1636 1110 Hylarum,

107 1145 248 1175 anonum
282 1145 471 1184 amplectatur
502 1144 620 1182 formas,
641 1144 732 1175 altera
755 1144 847 1184 Pipae
869 1146 1135 1186 Dactyletbraeqne
1155 1146 1313 1185 generibus
1335 1150 1533 1185 componatur,
1553 1148 1638 1177 tertia

107 1219 211 1250 deinde
233 1219 393 1249 Pelobaten
416 1224 446 1249 et
467 1219 701 1249 Boinbinatorem
725 1222 882 1251 contineat.

266 1294 390 1324 Minoris
422 1297 556 1324 momenti
589 1297 608 1324 ii
639 1294 774 1324 videntur
794 1294 915 1333 fructus,
936 1306 1011 1335 quos
1033 1296 1174 1335 Zoologia
1197 1306 1232 1325 ex
1254 1295 1540 1326 Salamandrinorum
1562 1295 1638 1326 Pha-

108 1369 440 1408 nerobranchiornmque
474 1372 572 1399 nervis
606 1370 802 1400 cerebralibus
837 1370 1039 1410 comparandis
1065 1372 1162 1410 possit
1197 1373 1354 1410 percipere,
1386 1373 1470 1401 cuius
1492 1373 1532 1401 rei
1554 1382 1637 1411 prae-

109 1446 193 1483 cipua
225 1453 330 1473 caussa
363 1445 391 1472 in
425 1453 459 1472 eo
491 1443 604 1472 videtur
626 1454 694 1473 esse
715 1444 888 1483 quaerenda,
911 1445 988 1483 quod
1010 1450 1068 1475 tam
1089 1456 1179 1485 saepe
1200 1447 1256 1475 iam
1279 1450 1382 1475 cuncta
1405 1446 1514 1485 reliqua
1538 1446 1637 1476 horum

107 1518 272 1548 animalium
308 1518 498 1548 conformatio
530 1528 546 1548 a
579 1517 757 1548 doctissimis
780 1520 850 1548 viris
873 1522 918 1548 est
939 1521 1112 1556 examinata,
1133 1521 1172 1549 ita
1194 1524 1225 1549 ut
1246 1519 1282 1549 de
1303 1520 1402 1550 ordine
1425 1521 1589 1559 zoologico,
1610 1524 1638 1551 in

110 1605 167 1633 quo
194 1593 243 1623 illa
275 1595 334 1622 sint
365 1591 533 1623 collocanda
556 1593 595 1622 nil
618 1592 675 1622 iere
697 1595 725 1622 in
749 1593 842 1622 medio
863 1593 899 1623 ab
922 1595 959 1623 iis
980 1596 1022 1623 sit
1042 1594 1183 1625 relictum.
1225 1593 1257 1623 ld
1279 1604 1367 1623 unum
1390 1599 1499 1625 tantum
1522 1596 1639 1635 dignum

110 1668 224 1699 videtur
256 1672 423 1704 memoratu,
456 1667 532 1706 quod
564 1668 631 1707 (pro
664 1672 760 1697 cetera
793 1668 896 1698 saltem
932 1670 1061 1707 corporis
1093 1667 1304 1706 magnitudine)
1327 1670 1405 1698 nervi
1428 1670 1590 1701 cerebrales
1613 1675 1639 1702 in

112 1744 234 1774 Tritone
269 1747 298 1772 et
332 1742 545 1782 Hypochthone
580 1743 728 1782 aliquanto
764 1743 913 1782 amplioris
948 1747 1017 1773 sunt
1053 1743 1209 1773 voluminis
1232 1753 1315 1782 qnam
1339 1746 1366 1773 in
1390 1744 1590 1784 Salamandra,
1613 1752 1640 1777 et

112 1819 189 1859 quod
223 1819 296 1848 haec
327 1820 406 1847 nervi
435 1817 562 1847 lateralis
585 1817 697 1848 delectu
719 1817 755 1847 ad
777 1817 992 1848 Ecandatoruni
1016 1818 1120 1848 formas
1143 1821 1262 1857 propius
1283 1818 1407 1854 accedit,
1428 1829 1514 1857 quum
1539 1821 1640 1852 Triton

113 1899 223 1930 contra,
259 1903 347 1922 nervo
382 1893 432 1922 illo
467 1894 639 1929 instructus,
674 1892 878 1932 Hypochthoni
908 1895 1001 1931 magis
1023 1893 1117 1923 affinis
1140 1903 1208 1922 esse
1229 1892 1371 1923 videatur.

271 1967 382 1998 Facere
390 1972 484 1997 autem
500 1977 556 1996 non
570 1977 738 2006 possumus,
751 1969 818 2006 quin
831 1967 866 1997 de
875 1967 1085 1997 Salaniandrae
1094 1967 1283 2007 Tritonisque
1295 1967 1454 1998 differentia
1465 1968 1643 2002 disserentes

113 2045 261 2074 doctorum
283 2043 484 2073 nonnullorum
507 2047 626 2072 nostrae
647 2046 754 2072 aetatis
776 2045 901 2072 virorum
924 2044 1085 2072 sententias
1108 2042 1234 2072 breviter
1253 2043 1377 2072 refutare
1398 2054 1543 2083 conemur,
1571 2049 1645 2077 inter

114 2125 267 2158 utrumque
283 2119 339 2149 hoc
361 2128 454 2157 genus
475 2117 631 2147 discrimen
654 2119 770 2155 generis
791 2127 847 2147 non
870 2117 1050 2147 intercedere
1064 2117 1495 2148 statuentium.·—Laurentius
1508 2120 1643 2160 (specim,

116 2194 219 2226 medic.
252 2193 344 2225 exhib.
376 2203 498 2232 synopS.
533 2193 624 2232 reptil.
662 2192 739 2223 1748
760 2202 807 2232 pg.
828 2192 903 2230 205)
926 2195 1034 2232 primus
1057 2192 1113 2222 duo
1137 2192 1390 2222 Salaniandrarum
1413 2204 1520 2232 genera
1542 2196 1645 2227 distin-

115 2269 229 2308 guenda
263 2279 331 2299 esse
363 2268 510 2302 iudicavit,
543 2278 575 2297 ea
609 2270 792 2307 potissimum
815 2270 928 2298 ratione
949 2277 982 2297 ea
1006 2267 1176 2298 discernens
1210 2273 1240 2297 ut
1272 2270 1387 2307 species
1419 2270 1532 2305 „cauda
1566 2283 1643 2301 coni-

118 2355 230 2384 pressa,
264 2344 446 2373 lanceolata“
481 2343 626 2382 praeditas
661 2343 697 2373 ad
732 2353 825 2381 genus
862 2343 964 2373 Triton
1000 2342 1126 2379 referret,
1149 2344 1183 2372 iis
1205 2346 1300 2372 autem
1324 2353 1398 2382 qnae
1420 2344 1530 2380 „cauda
1553 2350 1645 2384 tereti,

118 2422 201 2459 qnasi
235 2419 406 2448 articulata“
429 2424 529 2448 essent
551 2418 690 2456 praedita,
722 2417 976 2448 Salamandraruni
999 2419 1154 2457 imponeret
1178 2428 1290 2448 nomen.
1334 2417 1447 2448 Omnes
1469 2418 1526 2449 fere
1548 2428 1646 2461 poste.

1455 2465 1488 2492 9*
