2149 3261
1201 270 1287 314 41⁶2

478 417 552 435 mum
572 407 635 442 (l),
671 403 708 433 ad
740 403 902 432 musculum
936 400 1250 439 tympanomaxillarem
1283 399 1532 439 progredientem,
1567 399 1690 428 alterum
1717 398 1806 428 multo
1839 401 2013 429 crassiorem

478 480 514 510 ad
537 480 653 508 inferius
679 476 903 507 descendentem
919 475 968 514 (2)
991 477 1191 514 musculisque
1214 475 1454 505 constrictoribus
1486 474 1609 504 faucium
1634 484 1741 504 nervos
1769 473 2015 514 suppeditantem,

478 556 591 584 tertium
615 553 650 583 ad
674 555 821 592 posterius
854 553 956 582 flexum
973 552 1037 589 (3),
1075 562 1158 590 quem
1194 552 1273 580 nervi
1296 550 1476 590 Sympatbici
1507 549 1633 579 radicem
1662 560 1729 579 esse
1752 549 1851 588 paullo
1874 549 1944 579 inira
1967 560 2015 578 ex-

479 639 630 669 ponemus.

639 703 755 733 Nervus
780 702 904 740 Vagus
928 705 1013 731 etiam
1037 704 1064 730 in
1088 702 1142 731 hoc
1164 712 1269 739 genere
1296 711 1403 730 ramum
1427 699 1821 739 Glossopliaryngeum
1838 701 1884 736 (4)
1901 700 2016 735 emittit,

480 782 536 818 qui,
550 784 705 818 postquam
722 789 785 808 cum
802 777 1002 817 Sympathico,
1014 788 1029 806 a
1046 777 1156 806 Faciali
1172 779 1281 806 oriente
1296 786 1329 805 se
1351 777 1510 812 coniunxit,
1531 775 1567 804 ad
1590 776 1715 804 exterius
1737 774 1861 804 flectitur
1872 775 2018 813 ramisque

481 854 654 894 quibusdam
679 856 775 893 parvis
799 856 826 882 in
851 853 1024 892 pliaryngem
1057 853 1175 882 emissis
1198 863 1267 881 arcu
1292 862 1394 881 versus
1424 853 1555 880 anterius
1578 855 1606 880 et
1629 852 1750 880 interius
1771 860 1805 879 se
1827 851 1968 879 convertit
1990 853 2019 878 et

480 940 553 968 pone
577 939 686 967 corpus
711 931 789 958 ossis
812 928 929 967 hyoidei
953 930 980 956 iu
1004 928 1130 965 linguam
1155 930 1250 957 intrat.

642 1002 710 1042 lpse
744 1003 866 1040 Vagus,
902 1013 981 1032 ramo
1015 984 1296 1042 Glossopliaryngeo
1328 1001 1406 1031 edito
1439 1000 1512 1030 duos
1545 1002 1649 1030 emittit
1671 1010 1768 1030 ramos
1791 1009 1909 1029 nervum
1933 998 2018 1037 Sym-

481 1079 626 1117 pathicum
651 1080 866 1107 constituentes
885 1079 948 1114 (5),
984 1082 1138 1116 tectusque
1170 1087 1187 1106 a
1221 1077 1354 1106 musculo
1387 1075 1647 1115 vertebrohyoideo
1663 1077 1710 1114 (6)
1748 1085 1854 1105 novum
1888 1077 1915 1104 in
1944 1074 2020 1103 huuc

480 1154 642 1183 musculum
666 1153 726 1182 edit
749 1164 878 1190 nervum,
901 1152 1015 1189 deinde,
1037 1153 1073 1182 ad
1097 1153 1215 1182 interius
1238 1157 1266 1182 et
1289 1153 1435 1191 posterius
1458 1151 1622 1191 procedens
1639 1151 1686 1188 (7)
1708 1153 1735 1180 in
1759 1150 1923 1189 complures
1946 1149 2021 1178 divi-

481 1229 556 1259 ditur
578 1239 687 1264 ramos,
711 1239 813 1258 omnes
836 1239 886 1258 eos
910 1228 945 1258 ad
970 1229 1109 1257 intestina
1132 1227 1289 1258 tendentia.

641 1304 685 1334 Ex
707 1305 825 1342 gauglio
848 1313 955 1341 niagno
980 1307 1066 1332 ovato
1089 1286 1317 1342 sympatffiCi
1341 1303 1437 1342 paullo
1460 1303 1530 1332 infra
1552 1301 1746 1331 describendo
1769 1310 1876 1329 nervus
1898 1301 2022 1328 exoritur

483 1379 559 1408 haud
582 1382 621 1409 ita
650 1379 754 1409 debilis
772 1380 829 1416 (S),
862 1380 909 1418 qui
942 1378 977 1407 ad
1002 1379 1147 1416 posterius
1169 1388 1201 1407 se
1224 1382 1399 1409 convertens
1424 1379 1452 1407 iu
1475 1378 1638 1417 posteriore
1661 1375 1783 1405 musculi
1806 1374 2021 1412 vertebrohyoi-

485 1454 530 1483 dei
555 1455 645 1484 latere
679 1453 715 1483 ad
751 1458 940 1493 conspectum
964 1455 1057 1489 venit,
1093 1452 1196 1481 deinde
1219 1453 1378 1481 directione
1402 1455 1509 1481 mutata
1532 1456 1693 1480 antrorsum
1716 1450 1853 1486 flectitur,
1890 1449 2023 1487 duosque

484 1531 590 1559 emittit,
611 1539 719 1559 ramos,
754 1529 836 1558 Alter
869 1527 1031 1557 musculum
1065 1537 1268 1565 appressorem
1303 1527 1434 1556 maxillae
1465 1526 1609 1555 inferioris
1625 1526 1672 1563 (9)
1695 1526 1833 1564 perlorat,
1869 1529 2023 1562 cutemque

485 1604 570 1642 gulae
593 1605 711 1632 instruit
733 1603 929 1638 nervis3alter
954 1602 1196 1640 Hypoglossu
1207 1613 1230 1630 m
1244 1611 1278 1631 se
1301 1612 1368 1630 esse
1390 1601 1515 1630 decursu
1539 1611 1594 1630 suo
1617 1600 1753 1631 ostendit.
1776 1599 1823 1629 Ad
1845 1600 1975 1628 anterius
1996 1600 2023 1628 is

486 1681 559 1708 enim
597 1689 630 1708 se
666 1682 857 1713 convertens,
893 1677 921 1705 in
957 1682 1074 1706 externo
1106 1677 1229 1707 musculi
1261 1676 1463 1716 geniohyoidei
1496 1677 1585 1706 latere
1607 1674 1752 1713 procedit,
1787 1679 1939 1714 mentoque
1961 1678 2025 1704 tan-

645 1849 684 1880 (ι)
705 1847 771 1874 Tab.
792 1847 847 1879 m„
880 1847 937 1882 rig.
957 1848 982 1877 2,
1006 1848 1024 1876 f.

804 2027 810 2037 ‚
850 2027 856 2033 .

647 2061 686 2091 (5)
707 2059 765 2093 Fig.
786 2059 811 2091 2,
832 2068 865 2090 m,
886 2067 911 2093 p.

647 2113 685 2144 (6)
706 2112 835 2138 Nascitur
854 2110 895 2137 hic
923 2111 1060 2137 musculus
1086 2120 1119 2138 ex
1145 2111 1321 2147 processibus
1351 2115 1481 2146 quattuor
1506 2111 1645 2145 primarum
1670 2109 1853 2137 vertebrarum
1880 2117 2019 2145 cornuque

491 2172 629 2202 postremo
651 2166 725 2191 ossis
746 2165 853 2199 liyoidei
875 2166 1005 2190 inseritur.
1046 2165 1104 2199 Fig.
1125 2165 1149 2196 2,
1171 2164 1202 2193 C,

650 2220 687 2250 (7)
708 2217 774 2245 Tab.
797 2218 841 2243 111.
874 2218 932 2252 Fig.
953 2219 977 2248 2,
998 2226 1022 2245 n.

650 2272 687 2303 (ὃ)
708 2271 766 2305 Fig.
788 2272 811 2301 2,
834 2271 877 2298 12.

650 2325 687 2356 (9)
709 2324 749 2350 Ex
780 2324 908 2350 musculis
938 2324 1031 2349 lateris
1051 2322 1253 2356 abdominisque
1283 2321 1324 2347 hic
1352 2321 1488 2348 musculus
1523 2326 1601 2349 natus
1636 2322 1707 2348 fibris
1737 2321 1963 2356 converguntibus
1991 2321 2024 2348 ad

491 2386 648 2415 processum
668 2378 775 2411 longum
806 2378 941 2412 posticum
962 2377 1084 2402 maxillae
1104 2375 1236 2401 inferioris
1259 2375 1343 2400 tendit
1363 2376 1441 2409 eique
1462 2376 1594 2404 inseritur,
1633 2375 1711 2402 Valet
1726 2381 1814 2402 autem
1843 2375 1876 2401 ad
1896 2375 2025 2402 maxillam

491 2431 685 2468 opprimendam
706 2431 762 2457 oris
783 2439 835 2465 que
855 2434 1006 2465 aperturam
1027 2428 1207 2456 claudendam.
1247 2427 1307 2462 Fig.
1327 2429 1352 2458 2,
1373 2427 1406 2455 D.
