2149 3261
847 279 932 324 57

124 407 230 438 deinde
261 411 366 439 seriem
400 411 484 439 istam
516 410 698 448 gangliormn
729 412 758 440 iu
790 412 916 450 pectoris
939 410 1159 448 abdominisqus
1181 420 1254 441 cavo
1276 413 1435 452 anquisivi:
1456 412 1650 445 subtilissima

123 483 305 513 solummodo
339 483 479 523 quaedam
512 484 558 514 fila
591 495 678 525 prope
710 486 873 515 columnam
901 485 1092 515 vertebralem
1114 487 1221 523 inveni,
1245 496 1317 525 quae
1339 490 1445 524 tamen,
1468 497 1504 518 an
1526 497 1593 518 vers
1613 488 1650 519 ad

121 563 256 597 systema
278 559 497 598 Sympatbicum
533 561 592 589 sint
625 560 783 597 referenda,
819 569 913 599 neque
945 558 1071 589 decursu
1093 569 1187 599 neque
1208 564 1353 590 structura
1375 564 1584 601 microseopica
1606 563 1648 594 di-

122 638 259 673 sceptare
289 633 440 673 potniss).
482 634 608 664 Nervum
643 635 853 674 sympatliicum
884 636 972 673 igitur
1002 633 1291 665 Salamandrinorum
1326 636 1417 666 multo
1450 638 1567 668 minoris
1590 649 1649 668 mo-

122 710 208 738 menti
241 719 312 739 esse
342 714 472 748 apparet,
506 719 589 748 quam
612 709 834 746 Ecaudatorum,
856 714 886 739 et
908 719 994 749 quum
1016 714 1167 749 praeterea
1189 709 1323 741 omnibus
1344 712 1385 740 sit
1406 715 1517 749 notum,
1538 712 1649 744 huncce

121 794 238 813 nervum
275 788 303 813 et
338 794 389 823 par
424 784 565 814 decimum
601 783 725 818 quadam
754 785 906 814 coniuncta
929 795 996 815 esse
1017 785 1170 823 relatione,
1192 786 1232 815 ita
1253 790 1294 822 ut,
1315 795 1373 825 quo
1395 785 1468 816 alter
1487 789 1528 817 sit
1548 790 1649 825 minor,

120 859 193 888 alter
225 860 313 888 {naior
347 860 523 888 inveniatur:
555 858 773 889 conclusionem
805 859 880 889 hand
913 861 998 890 nimis
1030 870 1130 890 ausam
1165 870 1233 890 esse
1260 864 1406 900 putamus,
1427 871 1524 893 ramos
1544 863 1613 893 illos
1633 873 1650 893 a

122 943 202 963 ramo
239 933 404 972 pharyngeo
438 933 474 963 ad
509 943 643 963 vasorum
681 936 762 964 initia
798 937 934 972 emissos,
967 938 1015 975 qui
1050 937 1079 965 in
1101 935 1176 966 solis
1199 935 1432 967 salamandr-inis
1455 938 1649 975 inveniuntur,

121 1009 295 1048 sympathici
319 1007 532 1038 Ecaudatorum
554 1010 669 1039 vicibus
690 1009 781 1048 iungi.

279 1084 395 1113 Tertiae
425 1083 512 1113 huius
543 1086 613 1114 rami
648 1087 731 1124 parti,
762 1087 790 1114 in
820 1084 960 1115 Parotide
982 1085 1188 1125 glandulisque
1208 1086 1309 1125 parvis
1331 1085 1522 1118 subcutaneis
1544 1097 1578 1117 se
1599 1098 1647 1118 ex-

119 1159 255 1199 pandenti
288 1158 501 1188 Ecaudatorum
533 1170 662 1190 ramum
696 1164 889 1191 cutaneum
926 1163 1005 1191 nervi
1035 1161 1110 1200 Vagi
1133 1160 1320 1200 respondere,
1342 1163 1388 1191 vix
1409 1165 1465 1199 est,
1485 1162 1565 1201 quod
1583 1173 1647 1193 mo·

120 1245 250 1265 neamus.

278 1309 430 1348 Explicata
466 1310 520 1339 hoc
555 1310 640 1340 modo
676 1311 771 1347 huius,
806 1313 852 1350 qui
889 1311 1099 1341 salamandrae
1135 1311 1307 1351 Tritonique
1342 1310 1417 1342 solis
1439 1313 1571 1352 proprius
1593 1317 1649 1349 est,

117 1386 187 1414 rami
225 1388 325 1413 natura
361 1384 397 1412 de
431 1384 488 1413 alio
523 1394 599 1414 nunc
635 1387 689 1415 iam
725 1385 927 1416 disserendum
962 1388 1015 1416 erit
1048 1397 1147 1425 nervo,
1168 1397 1226 1426 quo
1247 1388 1353 1426 pariter
1374 1391 1461 1426 atque
1483 1387 1534 1417 illo
1556 1388 1646 1418 multa

119 1458 336 1497 Amphibiorum
358 1457 498 1487 nudorum
520 1468 625 1496 genera
649 1464 757 1495 carent,
790 1469 882 1497 pauca
905 1464 1015 1489 tantum
1036 1466 1105 1490 sunt
1127 1463 1280 1498 instructa,
1308 1460 1350 1491 de
1371 1471 1467 1491 ramo
1489 1462 1650 1493 laterali.

117 1535 187 1573 Qui,
222 1544 307 1573 quum
340 1534 367 1562 in
401 1532 475 1572 Pipa
507 1533 668 1571 dorsigera‚
701 1533 822 1563 Tritone
855 1536 986 1571 cristato,
1008 1534 1219 1574 Hypochthone
1240 1538 1367 1574 anguino
1390 1538 1563 1573 inveniatur,
1583 1537 1649 1567 reli-

119 1612 185 1650 quis
218 1608 378 1639 Ecandatis
411 1607 679 1648 Salamandraeque
691 1609 738 1646 (2)
767 1611 881 1638 omnino
913 1609 1020 1639 deesse
1042 1609 1164 1646 videtur,
1187 1612 1242 1640 nisi
1265 1610 1361 1640 forsan
1384 1612 1412 1641 in
1434 1611 1515 1641 hisce
1536 1622 1648 1651 quoque

277 1797 316 1829 (l)
337 1796 432 1831 Neque
458 1797 534 1822 ctiam
561 1796 727 1823 doctioribus
754 1798 816 1824 viris
841 1799 953 1832 contigit
978 1802 1007 1824 ut
1026 1797 1216 1825 salamandrae
1237 1799 1374 1825 terrestris
1394 1798 1593 1834 Sympathicum
1613 1803 1646 1828 in-

119 1852 238 1877 venirent
265 1849 299 1875 cf.
337 1848 430 1875 Funk
459 1849 492 1875 de
512 1848 613 1876 Salam.
639 1854 700 1878 terr.
727 1851 779 1876 vita
800 1855 851 1879 cet.
874 1851 941 1878 1827
971 1859 1014 1886 pg.
1038 1851 1078 1877 14.
1097 1868 1129 1873 -
1169 1851 1200 1877 Ε.
1219 1850 1253 1877 H.
1272 1852 1396 1878 XVeber
1419 1856 1535 1879 anatum.
1562 1862 1648 1889 comp.

119 1912 191 1932 nerv.
212 1902 345 1938 sympath.
366 1902 442 1937 Lips.
465 1903 530 1929 1817
551 1911 594 1937 pg.
615 1904 657 1930 53.
690 1902 720 1929 C.
742 1904 775 1931 G.
797 1904 904 1931 Carus
924 1905 1049 1933 Zootom.
1069 1913 1113 1939 pg.
1133 1904 1195 1931 218.

277 1957 316 1988 (2)
337 1955 534 1982 Salamandram
556 1960 709 1982 terrestrem
730 1957 835 1983 omnino
855 1965 947 1983 carere
967 1966 1051 1984 nervo
1071 1957 1170 1984 laterali
1190 1961 1336 1983 memoratu
1357 1957 1433 1984 valde
1454 1959 1559 1993 dignum
1579 1959 1648 1986 vide-

119 2014 169 2037 tur.
209 2009 261 2043 Qui
281 2013 366 2035 tamen
386 2008 463 2034 huius
485 2010 558 2035 nervi
584 2009 707 2036 desectus
727 2011 751 2036 in
771 2018 869 2044 genere
890 2010 945 2037 fere
965 2012 1040 2037 unice
1060 2012 1083 2037 in
1103 2012 1177 2038 sicco
1198 2011 1313 2042 vivente,
1334 2011 1418 2038 lucem
1438 2011 1523 2043 nobis,
1545 2015 1571 2039 ut
1590 2015 1648 2048 opi-

118 2071 175 2094 nor,
195 2063 308 2097 aliquam
327 2062 404 2088 affert
425 2062 458 2088 de
479 2070 542 2088 vera
562 2063 647 2097 ipsius
665 2067 761 2089 natura
780 2067 808 2090 et
825 2063 857 2089 de
875 2064 925 2090 line
941 2072 973 2090 ac
993 2065 1017 2090 vi
1037 2064 1217 2099 glandularum
1238 2064 1383 2091 lateralium
1403 2066 1522 2100 piscium,
1554 2066 1648 2093 subcu<

120 2122 309 2150 uinearumque
329 2116 469 2151 Reptilium
490 2116 626 2142 nudorum.
649 2116 730 2149 Quod
752 2117 819 2143 enim
839 2117 1004 2144 solummodo
1024 2119 1047 2144 in
1067 2118 1097 2144 iis
1118 2118 1248 2144 invenitur
1258 2117 1494 2153 Amphibiis‚quae
1505 2127 1591 2153 aquae
1603 2128 1647 2154 po-

119 2172 247 2196 tissimum
267 2174 328 2195 sunt
347 2169 503 2200 destinatae,
525 2178 611 2203 neque
632 2170 741 2195 caudam
761 2178 867 2205 semper
887 2171 1008 2204 sequitur
1027 2171 1068 2197 hic
1088 2179 1195 2202 nervus,
1216 2162 1243 2197 id
1261 2171 1355 2198 saltem
1376 2171 1558 2199 demonstrare
1579 2173 1647 2199 vide-

121 2231 174 2249 tur:
194 2232 244 2249 non
275 2222 373 2249 habere
403 2224 470 2248 istas
499 2222 639 2256 glandulas
669 2223 806 2249 sexualem
836 2223 965 2258 quandam
994 2223 1154 2250 functionem
1184 2225 1268 2259 (quod
1289 2226 1329 2254 iis,
1358 2226 1400 2259 qui
1426 2233 1533 2259 semper
1561 2231 1647 2252 amant

119 2278 214 2311 cuique
234 2277 326 2302 innoto
346 2284 448 2310 organo
468 2277 604 2302 sexu-‘ilem
632 2276 747 2302 tribuere
769 2277 832 2308 vim,
869 2278 1020 2303 existimare
1046 2277 1164 2304 fortasse
1194 2278 1217 2304 in
1241 2278 1316 2303 animi
1336 2279 1397 2310 erit)
1426 2278 1475 2304 scd
1495 2279 1528 2304 ad
1549 2284 1644 2306 eutem.

119 2335 228 2356 secreto
248 2338 298 2355 suo
318 2330 350 2356 ab
370 2331 445 2355 nimia
465 2338 551 2364 aquae
573 2331 595 2355 vi
616 2329 782 2356 muniendam
801 2337 865 2356 esse
881 2330 1024 2358 destinata.
1061 2330 1096 2357 Et
1116 2338 1180 2356 esse
1200 2330 1273 2361 hane,
1295 2339 1372 2365 quam
1392 2331 1472 2357 modo
1493 2340 1646 2359 commemo·

119 2384 236 2408 ravimus
256 2391 343 2409 veram
364 2383 543 2417 glandularum
571 2384 678 2409 istarum
699 2384 749 2409 vim
774 2387 854 2418 atque
879 2388 1009 2414 naturam,
1040 2384 1064 2410 id
1091 2383 1209 2410 facillime
1239 2384 1381 2418 intelliges,
1401 2385 1423 2410 si
1444 2384 1579 2411 Tritonem
1599 2387 1646 2415 cri,-

120 2441 217 2462 statum
238 2437 261 2462 iu
282 2435 406 2469 liquidum
427 2436 567 2470 quoddam.
594 2437 678 2470 ipsius
698 2441 808 2464 naturae
835 2436 905 2463 haud
934 2440 1150 2467 consentaneum.
1178 2438 1327 2466 immiseris,
1363 2437 1392 2464 ln
1412 2445 1461 2464 vas
1490 2439 1556 2465 enim
1575 2447 1644 2474 aqua

1417 2483 1434 2507 S
