2149 3261
1219 250 1308 296 66

495 381 673 421 discrepare,
710 381 763 410 sed
800 382 885 409 etiam
920 379 957 409 ad
980 379 1265 409 Salamandrinorum
1300 381 1418 409 formam
1455 381 1544 411 multo
1581 384 1716 421 propius,
1752 393 1837 422 quam
1873 384 1944 414 haec
1971 386 2025 414 tria

497 464 602 494 genera
625 454 766 485 accedere
788 452 934 483 ostendat.

655 528 686 558 lu
720 528 832 566 Ranae,
865 528 1016 567 Hylaeque
1047 529 1122 558 enim
1154 529 1310 567 generibus
1338 539 1424 568 quum
1446 530 1616 569 Abducens,
1637 531 1768 562 Faciaiis
1791 537 1820 562 et
1843 533 2028 572 Trigeminus

498 614 556 633 uno
588 605 647 633 sint
682 606 829 634 coniuncti
861 604 978 643 ganglio
990 604 1048 641 (l),
1081 603 1165 634 binas
1196 605 1282 635 huius
1304 605 1412 644 ganglii
1434 610 1531 646 partes
1553 608 1581 636 in
1605 607 1811 638 Bombinatore
1832 613 1862 638 et
1883 608 2027 640 Pelobate

500 681 610 718 poteris
634 680 808 718 discernere,
829 684 971 710 connatas
992 688 1044 709 eas
1079 680 1192 718 quidem
1224 679 1328 718 adhuc,
1350 681 1403 711 sed
1425 681 1505 712 brevi
1527 685 1734 715 constrictione
1755 686 1869 714 iamiam
1891 694 2030 724 segrega-

499 755 613 793 tas(2).
654 755 743 794 Quid,
779 754 855 796 quod
890 757 972 795 ipsas
1006 757 1062 785 iam
1097 755 1212 786 radices
1248 756 1388 795 distingui
1425 758 1501 795 licet,
1533 761 1655 797 quaein
1679 769 1911 800 unamquamque
1931 761 2029 790 harum

501 832 624 869 partium
660 834 838 868 emittuntur,
868 833 999 871 ramique
1030 836 1155 870 possunt
1187 832 1321 869 discerni,
1355 835 1403 871 qui
1429 839 1479 863 aut
1500 845 1516 864 a
1539 836 1655 871 maiore,
1677 839 1727 864 aut
1748 846 1765 865 a
1787 838 1897 866 minore
1918 836 2028 875 gangiii

502 911 582 945 parte
617 907 759 937 eduntur?
791 907 877 945 Quae
907 906 1016 945 gangiii
1044 910 1167 946 partium
1190 910 1336 948 separatio
1358 909 1461 939 clarior
1481 913 1565 940 etiam
1588 915 1676 950 atque
1697 910 1754 940 fere
1776 911 1901 950 perfecta
1925 914 1953 941 in
1977 912 2032 941 Sa-

504 982 649 1011 latnandra
683 987 711 1011 et
745 982 865 1012 Tritone
897 983 1083 1021 conspicitur,
1105 985 1211 1022 quippe
1234 994 1306 1022 quae
1329 994 1450 1022 prorsus
1471 988 1603 1016 seiuncta
1628 987 1781 1016 exhibeant
1803 990 1911 1026 parium
1936 989 2029 1027 quinti

505 1062 530 1084 et
564 1058 678 1096 septimi
712 1057 828 1095 ganglia
843 1058 898 1094 (3).
942 1056 1026 1086 Unde
1060 1057 1273 1088 Bombinatoris
1309 1058 1516 1099 Pelobatisque
1546 1061 1654 1091 formae
1678 1063 1718 1091 ita
1740 1067 1867 1101 possunt
1889 1063 2033 1102 explicari,

505 1136 536 1160 ut
559 1133 660 1161 minori
684 1132 794 1170 gangiii
817 1134 889 1171 parti
912 1132 1050 1169 Faciam,
1071 1135 1170 1162 maiori
1194 1133 1379 1171 Trigemiuus
1401 1135 1582 1174 respondeat.
1604 1155 1641 1161 —
1665 1136 1790 1171 Tertiam
1813 1139 1901 1176 igitur
1927 1149 2034 1176 earnm,

505 1216 578 1244 quas
614 1207 796 1237 clarissimus
819 1207 957 1237 Miiller
979 1209 1105 1237 instituit
1138 1208 1351 1238 Ecaudatorum
1387 1210 1588 1248 subfamiliam,
1623 1221 1709 1251 quum
1746 1223 1801 1241 non
1838 1212 1925 1242 modo
1953 1213 2037 1242 vaide

508 1280 675 1321 discrepare
710 1292 727 1311 a
758 1282 899 1319 secunda,
933 1282 987 1312 sed
1019 1284 1105 1312 etiam
1137 1284 1225 1313 multo
1257 1287 1375 1323 propius
1401 1285 1439 1314 ad
1461 1285 1746 1316 Salamandrinorum
1769 1287 1909 1316 accedere
1931 1287 2037 1317 formas

508 1366 593 1395 quam
626 1356 743 1394 hancce,
775 1367 809 1386 ex
840 1357 889 1386 iiia
922 1367 1074 1386 nervorum
1106 1360 1320 1397 comparatione
1341 1359 1467 1389 eluceat:
1495 1370 1570 1389 novo
1591 1361 1646 1391 iam
1669 1361 1734 1397 hoc,
1756 1372 1840 1400 quam
1864 1373 1932 1392 vere
1954 1369 2037 1393 natu-

508 1431 578 1460 ralis
602 1433 643 1460 sit
664 1432 721 1460 ista
745 1430 907 1460 doctissimi
930 1434 983 1461 viri
1007 1431 1122 1468 divisio,
1144 1438 1314 1470 argumento
1336 1433 1550 1464 demonstratur
1561 1435 1618 1472 (4).

667 1506 752 1543 Quae
783 1516 934 1535 nervorum
968 1507 1160 1544 investigatio
1194 1511 1288 1536 autem
1322 1518 1407 1546 quum
1441 1511 1549 1548 optime
1580 1519 1645 1539 cum
1666 1511 1702 1539 iis
1725 1515 1876 1549 congruat,
1900 1523 1973 1551 quae
1995 1516 2038 1543 vir

510 1581 782 1618 praestantissimus
818 1579 854 1609 de
886 1579 1033 1609 secundae
1069 1582 1227 1618 tertiaeque
1259 1581 1474 1612 Ecaudatorum
1505 1583 1732 1614 subsamiliarum
1755 1585 1854 1615 ordine
1877 1587 2039 1625 molegica,

511 1654 699 1694 disceptavit:
734 1652 825 1693 Pipae
857 1653 1028 1692 dorsigerae
1061 1664 1212 1684 nervorum
1244 1656 1434 1686 conformatio
1461 1658 1500 1687 ilii
1525 1658 1719 1689 distributioni
1742 1664 1885 1691 contraria
1909 1673 1975 1691 esse
1998 1665 2039 1692 vi-

512 1729 604 1761 detur.
648 1727 834 1767 Superiorem
867 1731 964 1767 utique
996 1739 1039 1766 ea,
1075 1729 1110 1759 ad
1147 1740 1232 1769 quam
1265 1731 1321 1761 hoc
1342 1742 1434 1769 genus
1457 1735 1580 1772 pertinet
1601 1734 1764 1764 subfamiiia
1787 1736 1905 1775 reliquis
1928 1737 2041 1768 duabus

515 1805 628 1834 obtinet
664 1803 770 1839 iocum,
802 1805 829 1832 in
863 1813 897 1833 eo
919 1805 1049 1833 nimirum
1072 1804 1108 1833 ab
1132 1805 1212 1834 hisce
1234 1808 1414 1844 potissimum
1437 1806 1583 1844 distincta,
1604 1808 1681 1847 quod
1702 1819 1807 1847 genera
1831 1810 1904 1850 Pipa
1927 1823 1960 1842 ac
1983 1813 2043 1843 Da-

514 1878 663 1917 ctylethra,
685 1877 798 1907 duabus
821 1877 972 1908 Eustachii
995 1878 1073 1909 tubis
1096 1881 1122 1908 in
1146 1889 1231 1908 uuum
1254 1879 1370 1910 ductum
1393 1884 1537 1919 connatis,
1559 1882 1656 1921 lingua
1678 1886 1793 1915 omnino
1822 1893 1929 1924 carent,
1953 1898 2041 1918 mem-

673 2041 712 2071 (1)
733 2039 798 2066 Tab.
819 2039 837 2067 Ι.
866 2040 925 2075 Fig.
944 2040 968 2072 2,
989 2041 1021 2067 A.

674 2093 713 2125 (2)
734 2092 799 2119 Tab.
820 2092 837 2120 Ι.
870 2092 928 2127 Fig.
948 2094 972 2125 3,
993 2095 1017 2120 A
1037 2098 1065 2121 et
1084 2093 1115 2121 C.

675 2146 715 2177 (3)
736 2145 801 2172 Tab.
823 2145 854 2171 11.
886 2146 944 2181 Fig.
964 2147 980 2172 2
1000 2150 1026 2173 et
1045 2147 1070 2179 3,
1090 2147 1114 2173 A
1133 2151 1161 2173 et
1181 2146 1211 2173 C.

675 2200 714 2231 (4)
735 2199 794 2225 Alia
823 2200 951 2234 quaedam
972 2204 1112 2234 praeterea
1132 2200 1289 2231 discrimina,
1317 2199 1414 2234 quibus
1445 2200 1581 2227 Pelobatis
1610 2202 1864 2239 Bombinatorisque
1885 2207 1973 2235 formis
1994 2218 2045 2236 ma-

518 2252 599 2277 iorem
620 2259 679 2277 cum
699 2251 809 2278 Tritone
829 2256 856 2277 et
875 2251 1047 2279 salamandra
1067 2254 1233 2279 intercedere
1253 2253 1402 2280 affluitatem
1423 2258 1533 2288 apparet
1558 2257 1594 2287 (in
1614 2257 1709 2291 quibus
1738 2258 1763 2284 id
1784 2268 1892 2294 quoque
1922 2263 1971 2288 erit
2000 2271 2043 2288 no-

519 2303 679 2335 minandum,
709 2305 780 2339 quod
810 2306 907 2339 pariter
934 2310 1015 2340 atque
1045 2307 1068 2332 in
1093 2305 1351 2333 Saiamandrinorum
1381 2307 1473 2333 familia
1493 2316 1580 2335 ramus
1609 2311 1763 2337 auricularis
1783 2314 1855 2338 nervi
1876 2315 2001 2348 inguim-is
2021 2318 2044 2342 in

520 2357 570 2382 inis
590 2356 697 2383 duobus
717 2357 886 2385 desideratur
905 2359 1060 2393 generibus)
1080 2360 1186 2386 minoris
1202 2359 1324 2386 videmur
1343 2368 1406 2386 esse
1420 2363 1551 2388 momenti.
1574 2371 1650 2397 quam
1662 2372 1771 2398 quorum
1783 2365 1902 2400 pluribus
1923 2367 2042 2396 facienda

521 2411 556 2435 sit
576 2411 680 2437 mentio.
