2149 3261
815 271 899 316 53

87 407 259 434 instructum
273 404 331 442 (l).
374 403 458 433 Unde
492 408 620 443 apparet,
658 404 893 433 coniunctionem
930 404 1026 439 istam,
1058 411 1142 441 quem
1178 401 1234 431 duo
1266 402 1337 432 haec
1358 402 1437 442 paria
1461 403 1488 431 in
1510 400 1619 432 adultis

85 479 260 509 animalibus
296 478 463 515 ostendunt,
499 478 566 507 nihil
603 488 670 508 esse
706 479 762 507 nisi
799 487 904 506 meram
932 478 1142 506 concretionem
1164 477 1357 515 gangliorum,
1379 480 1506 512 externa,
1527 480 1566 513 et,
1588 480 1619 506 ut

85 556 125 583 ita
159 553 264 590 dicam,
296 553 461 584 mechanica
491 552 614 592 quadam
636 554 747 582 ratione
769 555 969 587 connatorum,
991 551 1073 579 cuius
1096 552 1293 580 concretionis
1316 561 1420 581 caussa
1444 550 1568 581 fortasse
1590 553 1617 581 in

84 628 204 659 ossibus
240 633 359 668 petroso
394 632 422 657 et
457 627 598 666 quadrato
634 628 742 657 sensim
779 625 982 655 crescentibus
1013 623 1220 663 Facialemque
1242 624 1279 654 ad
1303 624 1501 663 Trigeminum
1523 627 1618 664 appri-

86 703 232 733 mentibus
254 708 300 733 est
322 705 416 742 posita
431 703 485 738 (2).

245 778 348 818 'Neque
385 779 456 807 haec
491 777 553 807 sola
589 780 636 805 est
671 783 787 811 caussa,
821 783 895 813 qnae
927 777 1026 803 contra
1049 775 1233 811 sententiam,
1254 773 1401 803 Facialem
1423 775 1501 813 paris
1525 774 1616 813 quinti

242 994 281 1026 (l)
302 992 366 1019 Tab.
388 991 420 1020 ll.
452 991 509 1025 Fig.
530 989 597 1021 llll.‚
618 991 642 1017 A
662 993 688 1016 et
709 989 740 1019 C.

243 1047 281 1078 (2)
302 1045 402 1071 Eadem
422 1044 488 1071 haee
517 1047 558 1069 est
589 1044 664 1073 ratio¹
694 1051 741 1069 cur
766 1051 817 1070 non
846 1042 941 1069 eodem
962 1041 1042 1069 modo
1071 1049 1180 1068 nervum
1199 1041 1389 1069 Abducentem
1418 1045 1520 1077 partem
1547 1041 1615 1069 illius

81 1099 239 1134 systematis
258 1106 330 1130 esse,
351 1097 514 1124 contendere
529 1097 611 1123 simus
631 1098 698 1124 ausi.
739 1095 790 1130 Qui
812 1096 919 1130 quidem
940 1096 1014 1121 solas
1035 1095 1184 1121 adultorum
1204 1095 1403 1121 Ecaudatorum
1423 1096 1539 1129 origines
1559 1103 1615 1122 ner-

77 1161 170 1180 vorum
190 1155 306 1187 spectat,
327 1150 490 1185 formaeque,
512 1158 588 1184 quarn
609 1158 656 1185 par
676 1154 782 1176 sextum
803 1150 827 1175 in
847 1149 929 1180 Rana,
952 1148 1019 1183 Hyla
1039 1152 1092 1175 cet.
1112 1148 1237 1180 ostendit,
1258 1149 1362 1175 nimium
1374 1148 1471 1178 tribuit,
1484 1148 1507 1174 is
1517 1150 1566 1175 iam
1578 1157 1612 1174 ex

80 1214 122 1237 eo,
143 1205 215 1240 quod
235 1213 293 1231 cum
314 1204 466 1237 'l'rigeuiino
492 1204 649 1230 coniunctus
675 1203 805 1229 invenitur
824 1202 980 1233 Abducen8‚
999 1201 1153 1233 concludet,
1179 1202 1256 1227 etiam
1282 1201 1350 1228 hunc
1370 1210 1478 1228 nervum
1497 1202 1531 1228 ad
1550 1201 1612 1227 illud

78 1262 198 1293 systema
217 1266 282 1283 esse
301 1256 478 1283 referendum.
517 1256 602 1290 Quam
623 1256 784 1282 sententiam
804 1256 907 1281 etiamsi
928 1255 1034 1281 omnino
1055 1254 1170 1281 refutare
1190 1262 1243 1280 non
1263 1255 1408 1288 possimus,
1429 1258 1611 1289 argumentum

77 1317 173 1342 tamen,
194 1319 248 1344 quo
268 1319 299 1336 ea
319 1311 415 1340 nititur,
452 1309 521 1335 haud
551 1310 618 1335 satis
648 1310 734 1343 magni
755 1308 859 1334 videtur
879 1316 943 1335 esse
963 1308 1095 1336 momenti,
1133 1306 1210 1333 Sient
1241 1308 1308 1333 enim
1337 1316 1385 1342 par
1414 1308 1555 1342 septimum
1587 1308 1611 1333 in

76 1364 194 1398 cordylis
214 1363 346 1389 {lanarum
366 1364 515 1388 seiunctum
537 1362 668 1387 invenitur
691 1370 706 1387 a
727 1361 888 1396 'l'rigemino‚
919 1362 958 1387 sic
978 1363 1055 1387 etiam
1075 1360 1222 1387 Abducens
1254 1360 1321 1386 liber
1349 1359 1482 1395 procedit,
1512 1363 1539 1386 et
1568 1361 1612 1394 qui

76 1424 198 1451 umquam
219 1416 336 1449 origines
357 1423 498 1440 nervorum
519 1416 543 1440 in
565 1414 676 1448 cordylo
696 1414 788 1440 Ranae
809 1413 961 1439 esculentae
977 1414 1129 1439 accuratius
1149 1413 1285 1448 adspexit,
1308 1414 1330 1439 is
1351 1412 1428 1439 facile
1442 1412 1608 1445 intellexerit,

74 1469 189 1506 gangliis
209 1468 353 1502 Trigemini
372 1466 543 1500 Facialisqn‘e
572 1466 704 1500 paullatim
736 1465 985 1497 concrescentibus,
1015 1467 1094 1492 etiam
1119 1466 1313 1496 Abducentem,
1342 1474 1371 1492 re
1397 1474 1459 1492 vera
1487 1466 1522 1492 ibi
1541 1467 1610 1492 inter

76 1529 216 1557 utrumque
236 1522 362 1557 positum,
382 1519 415 1547 ab
436 1521 502 1554 ipsis
523 1520 612 1554 excipi
633 1519 799 1553 oportuisse.
841 1517 919 1545 Unde
939 1517 1007 1544 hanc
1026 1519 1098 1553 paris
1119 1519 1190 1544 sexti
1210 1526 1268 1543 cum
1289 1517 1441 1552 'l'rigemino
1462 1520 1609 1546 concretio-

74 1586 132 1604 nem
152 1580 288 1602 externam
309 1573 476 1600 solummodo
498 1572 662 1605 esse-facile
682 1576 803 1606 apparet,
823 1580 910 1607 neque
931 1572 998 1597 satis
1019 1572 1105 1605 magni
1135 1579 1166 1597 ea
1186 1571 1291 1597 videtur
1308 1572 1441 1603 momenti,
1462 1579 1530 1606 quae
1550 1579 1608 1598 sen·

77 1631 185 1660 tentiae,
206 1628 389 1655 Abducentem
411 1634 519 1660 quoqne
539 1625 572 1651 ad
592 1625 652 1651 illud
685 1630 804 1659 systema
824 1626 966 1659 pertinere,
998 1632 1063 1650 esse
1083 1624 1172 1658 possit
1192 1627 1357 1657 argumento.
1395 1624 1480 1657 Quam
1500 1625 1533 1651 ad
1554 1633 1608 1652 rem

74 1684 154 1718 igitur
173 1680 404 1709 demonstrandam
424 1678 482 1704 aliis
510 1677 679 1712 gravioribus
708 1685 777 1712 opus
797 1677 903 1703 videtur
931 1685 995 1703 esse
1024 1675 1185 1702 rationibus:
1214 1683 1264 1701 nos
1293 1674 1410 1708 quidem,
1439 1685 1518 1711 quum
1547 1678 1609 1704 talia

73 1739 229 1771 argumenta
250 1734 344 1760 afferre
364 1740 418 1758 non
447 1732 593 1766 possimus,
624 1731 758 1766 pertinere
778 1731 856 1757 etiam
876 1738 925 1765 par
944 1732 1050 1756 sextum
1070 1729 1103 1755 ad
1123 1729 1267 1763 Trigemini
1287 1732 1416 1763 systema,
1445 1730 1607 1757 contendere

73 1799 126 1817 non
145 1789 283 1817 audemus

231 1840 329 1874 Neque
348 1839 426 1865 etiam
446 1839 485 1870 (et
504 1837 608 1872 quidem
629 1836 740 1863 eandem
760 1836 794 1863 oh
814 1838 951 1868 caussam)
980 1835 1014 1862 ad
1034 1835 1205 1862 illustrissimi
1225 1834 1329 1862 Stannii
1349 1836 1507 1862 sententiam
1531 1844 1605 1863 acee-

72 1897 137 1923 dere
156 1894 293 1923 audemus,
314 1892 387 1928 paria
412 1892 517 1918 tertium
537 1894 565 1916 et
592 1895 714 1925 quartum
735 1891 846 1924 (pariter
865 1899 896 1916 ac
917 1897 964 1925 par
983 1891 1102 1920 sextum)
1131 1895 1231 1914 nervos
1256 1890 1432 1914 accessorios
1464 1888 1606 1923 Trigemini

73 1958 137 1977 esse
166 1948 318 1975 statuentis.
373 1945 567 1977 (stamius,
596 1943 762 1978 syn1b01.ad
783 1947 853 1969 anat.
886 1944 952 1978 pise.
1000 1941 1133 1969 Rostoclr.
1152 1941 1226 1972 1339,
1255 1942 1280 1967 4.
1318 1942 1447 1976 Exeerpt.
1479 1944 1502 1968 in
1530 1942 1604 1969 Mun.

71 2001 153 2030 Areli.
175 2002 241 2028 1840
261 2008 304 2035 pg.
320 1997 480 2029 chxvm)
519 1997 594 2031 Quae
615 1998 681 2023 enim
702 1996 755 2022 duo
776 1997 847 2030 paria
869 1997 971 2022 etiamsi
995 1996 1019 2020 in
1040 1995 1196 2029 quibusdam
1216 1994 1371 2020 animalibus
1399 1999 1444 2021 aut
1475 1999 1530 2022 tota
1557 2000 1604 2023 aut

72 2065 106 2083 ex
126 2059 201 2090 parte
222 2062 280 2079 enm
301 2052 452 2086 Trigemino
477 2051 618 2076 coniuncta
642 2050 812 2081 inveniantur,
838 2050 928 2082 (sicuti
957 2050 1034 2075 etiam
1059 2050 1083 2074 in
1104 2048 1310 2075 Salamantlrinis
1331 2051 1415 2074 totum
1436 2048 1602 2075 Patlietieum

71 2115 99 2136 et
119 2115 220 2144 partem
240 2106 434 2132 Oculomutorii
454 2113 512 2130 cum
541 2112 606 2139 pare
626 2104 717 2138 quinto
743 2104 902 2130 coniunctos
928 2110 992 2129 esse
1013 2110 1093 2137 supra
1114 2101 1366 2134 demonstravimus)
1387 2102 1495 2128 minoris
1516 2107 1601 2129 tamen

72 2163 138 2189 haec
158 2161 310 2187 coniunctio
336 2166 399 2184 esse
419 2157 496 2184 nobis
516 2158 622 2183 videtur
646 2164 711 2183 esse
730 2157 863 2187 momenti,
893 2164 971 2190 quam
1001 2164 1070 2190 quae
1098 2156 1166 2181 satis
1196 2155 1268 2181 firmo
1288 2156 1324 2181 sit
1342 2159 1508 2189 argumento,
1538 2164 1602 2182 esse

71 2214 300 2243 Oculomotorium
321 2216 348 2239 et
368 2212 533 2238 Patheticum
553 2219 581 2237 re
602 2219 665 2238 vera
694 2210 727 2236 ad
748 2218 795 2245 per
815 2210 930 2244 quintum
951 2209 1118 2237 referendos,
1157 2208 1228 2235 Fieri
1256 2209 1324 2234 enim
1349 2217 1427 2242 quum
1449 2210 1545 2243 possit,
1572 2213 1600 2235 ut

71 2272 96 2296 in
117 2270 199 2304 primo
219 2268 288 2294 vitae
308 2266 396 2292 stadio
418 2265 442 2291 hi
462 2265 536 2291 nervi
556 2265 676 2296 seiuncti,
707 2268 805 2298 postea
826 2263 927 2289 demum
953 2262 1112 2289 coaluerint:
1138 2270 1194 2288 earn
1215 2265 1322 2288 formam
1343 2265 1420 2288 antea
1447 2264 1600 2297 investigari

71 2331 142 2358 opus
163 2321 274 2350 videtur,
305 2329 382 2354 quain
411 2321 435 2344 in
462 2320 542 2353 prima
563 2317 654 2344 horum
684 2317 828 2343 animalium
861 2317 997 2342 iuventute
1026 2317 1098 2350 paria
1119 2318 1239 2349 quartum
1264 2318 1291 2341 et
1315 2316 1419 2341 tertium
1446 2315 1599 2342 ostendunt.

71 2377 147 2410 Quae
168 2376 190 2400 si
211 2377 287 2400 etiam
307 2375 332 2399 in
352 2372 469 2399 foetibus
490 2380 504 2397 e
524 2370 674 2405 Trigemino
700 2371 827 2401 oriuntur,
853 2377 882 2396 re
907 2377 969 2395 vera
990 2369 1060 2404 paris
1088 2369 1169 2402 quinti
1188 2369 1261 2396 nervi
1285 2369 1433 2396 accessorii
1456 2373 1532 2396 erunt
1557 2368 1599 2396 ha-

69 2429 158 2461 bendi,
179 2429 201 2455 si
221 2427 301 2454 libera
321 2426 356 2453 ibi
376 2425 590 2461 progrediuntur,
610 2433 625 2451 a
645 2424 795 2459 Trigemino
815 2431 868 2451 non
886 2425 971 2465 erunt*
982 2421 1145 2450 deducenda.
