2149 3261
1216 284 1301 329 48

651 420 747 449 Maior
761 416 901 458 quaedam
925 416 1083 446 differentia
1106 416 1180 444 inter
1201 416 1303 453 paris
1325 414 1423 444 sexti
1445 412 1553 443 formas
1575 411 1754 442 intercedere
1776 411 1899 449 videtur,
1921 414 2029 452 quippe

494 494 570 536 quod
605 504 661 524 non
694 493 787 523 solum
809 493 838 522 in
861 491 974 521 duabus
997 491 1079 520 hisce
1101 489 1216 519 familiis
1238 490 1334 519 varias
1356 487 1490 518 ostendat
1512 490 1637 528 species,
1659 487 1711 517 sed
1735 489 1821 518 etiam
1842 490 1870 518 in
1894 487 2024 518 eiusdem

492 570 615 600 familiae
647 567 803 607 generibus
835 577 893 597 nou
926 565 1026 596 eadem
1061 565 1168 605 ubique
1199 563 1358 604 praeditum
1381 566 1421 593 sit
1442 565 1540 594 torma.
1583 562 1807 593 Salamandriua
1829 565 1914 600 enim,
1938 572 2026 602 quum

492 648 629 684 separato
662 653 696 673 eo
729 645 788 672 sint
818 643 972 679 instructa,
1004 641 1140 680 pleraque
1172 638 1387 670 Ecaudatorum
1415 648 1521 677 genera
1544 648 1607 667 cum
1630 648 1698 678 pare
1721 640 1820 677 quinto
1844 638 2028 667 coniunctum

493 729 558 749 eum
592 717 759 754 ostendunt,
791 717 857 747 solo
890 716 1001 748 Bufone
1033 719 1165 754 excepto,
1197 714 1274 754 quod
1306 714 1343 744 ad
1370 714 1482 744 illorum
1505 713 1612 743 formas
1635 715 1751 752 propius
1773 711 1896 743 accedit.
1939 710 2025 750 Quod

493 797 589 824 tamen
623 793 776 823 discrimen
808 791 884 822 haud
916 793 1012 830 magni
1044 790 1158 820 videtur
1178 800 1248 822 esse
1272 790 1416 826 momenti,
1439 792 1588 828 propterea
1611 787 1689 828 quod
1711 790 1797 817 etiam
1820 786 1950 817 eiusdem
1974 797 2026 825 ge-

493 871 571 898 neris
600 868 733 906 singulae
768 869 884 907 species
907 876 962 896 non
985 865 1106 896 eandem
1128 874 1228 894 omnes
1251 866 1330 894 nervi
1352 863 1537 894 Abducentis
1559 863 1676 893 formam
1701 862 1868 894 ostendunt.
1912 861 1943 891 ln
1967 861 2026 891 Bu-

491 943 557 973 fone
589 943 747 982 palmarum
783 946 811 972 et
843 941 954 972 Buione
986 941 1157 980 pantherino
1190 949 1241 979 per
1273 940 1400 969 foramen
1433 938 1489 969 sibi
1511 940 1657 978 proprium
1679 938 1728 968 ille
1750 949 1766 968 e
1787 939 1875 968 cranii
1899 938 2025 966 cavitate

491 1017 653 1056 egrediens,
689 1019 718 1046 in
753 1016 864 1046 Bufone
899 1017 1013 1045 cinereo
1047 1025 1161 1053 semper
1196 1025 1212 1044 a
1247 1014 1365 1053 ganglia
1403 1013 1562 1052 Trigemiui
1590 1015 1739 1054 excipitur.
1781 1013 1849 1043 Alia
1871 1015 2020 1051 praeterea

491 1101 607 1129 caussa,
640 1101 690 1121 cur
721 1091 798 1121 haud
830 1093 870 1121 ita
903 1092 998 1129 magui
1031 1089 1164 1120 iacienda
1185 1091 1224 1119 sit
1245 1089 1316 1119 haec
1339 1090 1449 1128 parium
1471 1090 1546 1119 sexti
1569 1093 1598 1119 et
1620 1088 1710 1128 quinti
1733 1089 1899 1118 coniunctio
1921 1085 2020 1126 paullo

491 1166 563 1197 inira
585 1171 752 1206 exponetur.
774 1184 813 1188 —

647 1241 757 1272 Facere
778 1245 874 1271 autem
906 1251 963 1270 non
995 1249 1163 1280 possumus,
1194 1240 1262 1279 quin
1294 1240 1452 1278 singularis
1484 1240 1522 1269 ibi
1549 1240 1627 1269 illius
1649 1239 1755 1268 formae
1777 1238 1917 1268 iaciamus
1941 1247 2019 1266 men-

489 1318 611 1354 tionem,
647 1327 731 1356 quam
765 1326 872 1345 nervos
895 1315 986 1354 Pipae
1009 1314 1176 1352 dorsigerae
1198 1313 1399 1344 describentes
1433 1325 1519 1354 supra
1542 1317 1596 1344 iam
1620 1314 1919 1344 commemoravimus.
1963 1311 2022 1349 Qui

489 1394 565 1421 enim
588 1393 702 1421 oculum
725 1395 843 1420 movent
864 1390 1003 1426 musculi,
1039 1398 1124 1427 quum
1148 1390 1176 1418 in
1198 1389 1317 1428 reliquis
1338 1389 1496 1427 generibus
1518 1400 1534 1419 a
1557 1389 1629 1418 solis
1652 1388 1760 1425 tribus,
1795 1397 1870 1426 quae
1892 1388 2022 1416 nomina-

488 1467 598 1503 vimus,
634 1465 751 1505 paribus
774 1467 955 1495 instruantur
977 1465 1089 1500 nervis,
1123 1465 1152 1492 in
1175 1472 1281 1501 genere
1303 1462 1377 1501 Pipa
1400 1473 1416 1492 a
1438 1473 1516 1492 ramo
1540 1464 1632 1492 nasali
1655 1464 1732 1502 paris
1756 1464 1847 1501 quinti
1871 1465 2019 1500 praetcrea

486 1542 632 1579 accipiunt
654 1549 767 1576 nervos,
790 1557 824 1563 —
849 1540 920 1568 mira
941 1537 1069 1577 profecto
1102 1540 1130 1566 et
1162 1537 1248 1566 valde
1285 1538 1443 1575 singularis
1469 1536 1639 1569 differentia.
1681 1537 1772 1567 Cuius
1794 1540 1835 1567 rei
1860 1547 1968 1567 caussa
1992 1539 2020 1566 in

487 1625 521 1644 eo
544 1614 669 1644 fortasse
691 1618 737 1643 est
758 1614 863 1652 posita,
886 1611 963 1651 quod
986 1612 1060 1640 oculi
1083 1612 1167 1641 huius
1190 1612 1294 1650 reptilii
1316 1612 1372 1641 sub
1395 1616 1460 1641 cute
1482 1613 1581 1643 latent.
1624 1612 1749 1650 Reliqua
1772 1613 1848 1640 enim
1871 1611 2019 1648 animalia,

486 1699 560 1728 quae
582 1688 674 1718 oculis
697 1687 797 1716 liberis
820 1696 913 1725 neque
935 1689 1000 1715 cute
1024 1684 1148 1715 obtectis
1171 1685 1310 1723 gaudent,
1332 1696 1390 1715 rem
1413 1686 1556 1725 quandam
1578 1684 1731 1724 adspicere
1754 1685 1913 1722 studentia,
1945 1687 2019 1726 ipsis

487 1764 590 1800 oculis,
621 1772 679 1791 rem
702 1771 770 1790 vere
792 1760 982 1797 intuentibus,
1015 1761 1137 1790 certiora
1158 1759 1239 1797 fiunt,
1272 1766 1364 1790 utrum
1387 1765 1465 1790 recte
1487 1761 1514 1790 hi
1538 1761 1732 1790 musculorum
1757 1764 1850 1789 motus
1873 1762 1933 1790 sint
1955 1771 2019 1800 per-

485 1840 553 1874 acti,
584 1846 638 1866 uec
659 1846 705 1872 ne,
737 1846 831 1874 neque
853 1835 919 1864 ullis
941 1835 980 1865 ibi
1005 1835 1138 1872 musculi,
1171 1837 1218 1874 qui
1240 1836 1354 1865 oculum
1377 1840 1502 1871 movent,
1528 1840 1615 1873 egent
1637 1835 1717 1864 fibris
1740 1837 1900 1867 sensitivis.
1942 1835 2016 1875 Pipa

486 1912 637 1950 dorsigera
658 1914 770 1946 autem,
807 1909 854 1939 ubi
878 1913 944 1938 cute
966 1914 1083 1939 externa
1105 1909 1180 1939 oculi
1211 1910 1318 1940 bulbus
1340 1914 1387 1939 est
1408 1914 1517 1947 tectus,
1552 1909 1629 1940 haud
1657 1912 1697 1939 ita
1719 1910 1803 1939 facile
1824 1914 1923 1949 potest
1944 1912 2017 1950 ipsis

487 1987 579 2016 oculis
603 1985 779 2022 discernere,
800 1994 836 2014 an
859 1993 925 2013 vere
947 1985 1196 2014 contractionibus
1219 1984 1422 2021 musculorum,
1444 1985 1520 2014 oculi
1543 1994 1616 2022 eam,
1637 1995 1720 2023 qnam
1743 1984 1916 2021 intenderat,
1939 1988 2016 2016 nacti

485 2065 545 2091 sint
568 2061 765 2096 directionem,
786 2059 862 2088 unde
886 2064 1000 2098 praeter
1022 2059 1090 2088 illos
1112 2061 1222 2098 parium
1244 2061 1330 2095 tertii,
1356 2061 1460 2098 quarti,
1493 2060 1567 2088 sexti
1590 2058 1746 2088 fasciculos
1769 2061 1907 2089 motorios
1929 2061 2015 2090 etiam

484 2139 644 2167 sensitivos
666 2145 682 2164 a
707 2134 872 2172 Trigemino
895 2136 1027 2174 accipere
1049 2134 1123 2164 oculi
1146 2135 1306 2171 musculos,
1329 2144 1386 2163 non
1409 2138 1464 2170 est,
1487 2132 1565 2172 quod
1587 2134 1728 2164 miremur.
1753 2153 1788 2157 —

1193 2208 1218 2245 ἒ.
1257 2209 1285 2239 2.

644 2284 690 2314 De
712 2285 820 2322 reliqua
851 2284 1054 2322 Trigemini
1077 2289 1177 2313 natura
1199 2287 1293 2312 autem
1316 2285 1483 2322 priusquam
1506 2283 1637 2322 pluribus
1666 2282 1860 2320 disseramus,
1896 2294 2011 2314 nervum

484 2360 667 2390 Facialem
683 2361 827 2398 respicere
843 2369 965 2389 necesse
981 2362 1042 2395 erit,
1063 2369 1149 2396 quum
1172 2369 1206 2387 ex
1229 2368 1273 2395 ea,
1289 2368 1374 2397 quam
1391 2368 1441 2396 par
1462 2360 1615 2397 septimum
1640 2360 1666 2387 in
1681 2358 1843 2397 Amphibiis
1859 2358 1944 2388 nudis
1966 2369 2013 2388 ex-

484 2434 571 2472 hibet,
606 2434 692 2464 forma
715 2436 801 2464 etiam
823 2436 899 2473 paris
921 2436 1011 2473 quinti
1033 2433 1158 2473 pendeat
1182 2437 1290 2463 natura.
1334 2433 1428 2470 Quam
1453 2433 1489 2462 ad
1512 2432 1749 2472 cognoscendam
1773 2433 2010 2463 salamandr-ino-
