2149 3261
1222 297 1307 341 36

657 429 770 458 Ramus
802 428 958 457 maxillaris
986 428 1119 466 superior
1133 426 1180 464 (l)
1209 428 1282 456 inter
1304 427 1456 457 musculos
1478 426 1553 457 duos
1576 427 1814 458 manducatorios
1836 428 1872 458 ad
1895 430 2029 467 superius

502 509 530 534 et
564 505 694 532 anterius
731 502 862 542 procedit
897 504 1043 542 ramisque
1079 501 1250 541 quibusdam
1283 504 1310 532 in
1343 502 1443 533 lrontis
1475 507 1568 532 cutem
1591 503 1676 534 editis
1699 505 1726 533 in
1749 503 1822 533 duos
1843 506 1964 544 partitur
1985 513 2030 532 ra-

498 588 562 608 mos
576 578 632 615 (2).
677 577 722 607 Ad
755 580 884 608 anterius
916 579 933 607 ii
956 577 1086 613 tendunt,
1119 578 1172 614 (ita
1195 583 1299 614 tamen,
1321 582 1352 607 ut
1373 577 1445 608 alter
1467 578 1549 614 infra,
1570 579 1643 609 alter
1665 589 1752 618 supra
1776 579 1889 608 oculum
1914 588 2031 617 progre-

496 653 614 691 diatur),
650 657 679 682 et
715 663 769 682 una
807 663 871 683 cum
907 663 987 682 ramo
1024 653 1116 682 nasali
1153 654 1181 682 in
1216 655 1432 693 prominentiam
1470 653 1547 683 illam
1576 654 1717 693 turgidam
1741 656 1803 684 nasi
1827 656 1979 691 intrantes,
2002 655 2031 683 in

498 728 612 758 modum
637 727 737 768 plexus
760 728 798 758 ibi
820 728 966 758 finiuntur.

654 803 767 833 Romus
802 803 961 833 maxillaris
996 802 1171 839 iuferiorffl)
1194 802 1231 832 ad
1254 805 1380 833 exterius
1415 810 1443 833 et
1478 804 1596 834 interius
1631 804 1765 842 ssectitur,
1793 805 1864 835 infra
1887 804 2031 834 maxillam

496 877 656 908 interiorem
681 877 843 914 descendit,
866 878 1089 917 musculumque
1112 877 1343 917 mylohyoidenm
1367 880 1464 909 multis
1487 882 1604 909 instruit
1627 882 1735 910 nervis.

655 953 759 992 Neque
779 955 872 991 magis
895 953 994 990 forma,
1028 963 1113 992 quam
1146 952 1313 983 Facialis
1330 953 1376 991 (4)
1399 956 1427 984 in
1449 954 1661 994 Hypochtbone
1683 955 1812 986 ostendit
1833 956 1868 986 ab
1892 967 1925 986 ea
1949 955 2034 986 Sala·

498 1027 716 1057 mandrinorum
738 1027 858 1064 recedit,
881 1038 1047 1067 ramosque,
1071 1038 1146 1066 quos
1170 1030 1196 1057 in
1220 1029 1274 1058 lioc
1308 1039 1413 1067 genere
1448 1032 1554 1060 emittit
1576 1031 1691 1061 eosdem
1715 1033 1742 1061 in
1766 1033 1932 1062 universnm
1955 1042 2035 1068 esse,

497 1113 569 1141 qnos
605 1105 633 1132 in
669 1103 719 1133 illa
751 1102 868 1140 familia,
902 1113 985 1132 nemo
1019 1106 1082 1140 erit,
1105 1106 1172 1143 quin
1196 1104 1279 1134 facile
1303 1105 1453 1143 intelligat.
1496 1105 1520 1136 E
1543 1109 1641 1136 cranio
1664 1109 1737 1136 enim
1761 1117 1902 1146 egressus
1925 1118 2035 1138 ramum

497 1179 600 1208 emittit
634 1177 670 1208 ad
703 1180 830 1208 exterius
853 1183 880 1208 et
903 1178 1022 1208 inferius
1044 1189 1267 1218 progressurum
1282 1181 1339 1218 (5),
1361 1182 1408 1219 qni
1431 1183 1458 1210 in
1482 1183 1621 1212 musculis
1644 1184 1888 1213 constrictorilius
1910 1183 2033 1212 saucium

499 1253 598 1283 multis
632 1253 805 1292 expanditur
837 1253 902 1290 filis,
931 1264 1024 1292 neque
1046 1264 1216 1293 quemqnam
1240 1265 1307 1285 esse
1329 1260 1473 1295 putamus,
1496 1259 1562 1296 quin
1585 1258 1661 1288 hunc
1682 1268 1789 1288 ramum
1813 1258 1935 1287 eundem
1958 1267 2036 1293 esse,

498 1338 583 1367 quem
607 1338 715 1358 ramum
749 1330 907 1367 iugularem
939 1328 1150 1358 Salamandrae
1171 1334 1199 1358 et
1223 1330 1363 1368 Tritonis,
1386 1334 1475 1370 primo
1498 1332 1602 1361 obtutu
1625 1332 1741 1362 iudicet.
1784 1332 1826 1362 En
1852 1343 1906 1362 una
1929 1332 2036 1361 solum-

497 1403 593 1440 modo,
623 1405 648 1432 si
682 1404 759 1433 hunc
779 1413 888 1432 ramum
913 1407 1093 1442 spectamus,
1116 1405 1191 1434 inter
1212 1405 1369 1434 secundam
1393 1406 1466 1436 hanc
1490 1407 1708 1446 Amphibiorum
1733 1407 1873 1436 nudorum
1898 1407 2033 1437 familiam

503 1481 530 1507 et
565 1477 809 1517 Hypochtlionem
843 1476 997 1506 intercedit
1030 1477 1198 1514 diversitas,
1230 1478 1306 1517 quod
1340 1480 1437 1509 nullus
1459 1481 1496 1509 ibi
1520 1483 1665 1510 invenitur
1687 1492 1792 1512 nervus
1814 1492 1829 1512 a
1853 1482 2037 1521 Glossoplia-

499 1563 608 1591 ryugeo
631 1555 659 1581 in
683 1555 776 1591 ipsum
801 1553 938 1586 emissus,
960 1562 1045 1590 quum
1070 1552 1149 1581 illius
1172 1563 1278 1590 genera
1301 1565 1380 1584 ramo
1403 1558 1634 1586 communicante
1655 1559 1714 1586 sint
1737 1560 1889 1588 instructa.

658 1626 725 1664 Quo
763 1636 841 1655 ramo
879 1630 987 1655 emisso
1022 1627 1151 1656 Facialis
1187 1627 1222 1656 ad
1259 1630 1455 1668 ganglionffi)
1478 1632 1552 1659 satis
1588 1634 1776 1670 conspicuum
1812 1634 1979 1663 intumescit
2002 1644 2035 1663 ex

499 1704 582 1732 cuius
605 1701 738 1731 interiore
771 1705 799 1729 et
821 1702 981 1740 posteriore
1005 1706 1085 1740 parte
1108 1713 1204 1732 ramus
1228 1704 1373 1742 palatinus
1391 1706 1436 1742 (7)
1461 1708 1587 1735 exoritur
1620 1709 1667 1746 qni
1691 1709 1845 1737 introrsum
1876 1714 1901 1738 et
1925 1714 2036 1739 antror-

500 1787 563 1806 smn
586 1786 619 1805 se
642 1779 817 1805 convertens
841 1777 946 1814 pariter
971 1780 1057 1815 atque
1079 1778 1107 1806 in
1131 1777 1290 1808 Ecaudatis
1312 1784 1339 1808 et
1362 1780 1595 1811 Salamaudriuis
1618 1783 1811 1813 membranam
1835 1784 1923 1823 palati
1947 1784 2036 1814 fasci-

500 1852 574 1881 culis
596 1853 658 1880 suis
682 1853 805 1894 instruit.

659 1925 793 1962 Tertius,
829 1926 875 1963 qui
908 1935 924 1955 a
958 1936 1025 1965 pare
1047 1931 1171 1967 septimo
1195 1929 1301 1967 editur,
1338 1941 1445 1962 nervus
1477 1932 1512 1961 ad
1536 1934 1681 1970 anterius,
1717 1936 1843 1964 exterius
1868 1940 1896 1964 et
1917 1935 2035 1966 inferius

661 2141 699 2171 (l)
721 2139 786 2167 Tab.
808 2139 851 2167 lll.
884 2140 942 2174 Fig.
966 2143 987 2168 l.
1009 2149 1031 2168 a.

662 2194 700 2225 (⁴2)
721 2193 779 2227 Fig.
802 2195 824 2225 l,
845 2202 873 2225 α,
892 2198 917 2226 β.

661 2246 700 2276 13)
721 2246 778 2280 Fig.
800 2249 822 2278 1,
843 2257 865 2275 c.
886 2257 903 2282 γ
923 2252 950 2273 et
970 2246 994 2277 δ’.

661 2299 700 2331 (4)
721 2299 778 2334 Fig.
820 2320 824 2325 .
844 2301 870 2327 7.

662 2353 701 2383 (5)
723 2352 780 2386 Ffig.
847 2356 870 2385 7,
891 2356 907 2381 i.

662 2406 700 2436 (6)
723 2405 779 2439 Fig.
819 2427 825 2438 ‚
848 2409 878 2435 A.

662 2458 701 2490 (7)
723 2458 779 2493 Fig.
847 2468 870 2486 e.

801 2302 813 2485 —i-d-nl-
