2149 3261
1225 289 1312 333 2«)

503 425 595 460 enim,
631 424 678 462 qui
702 422 856 461 plerosque
879 421 963 450 huius
997 421 1098 459 plexus
1132 422 1263 449 continet
1287 419 1386 457 fibras,
1409 420 1506 459 pauno
1537 425 1605 460 post
1641 423 1779 460 originem
1811 432 1892 453 suam
1917 434 2032 455 nervum

503 500 605 528 emittit
627 497 849 526 subtilissimum
872 495 907 525 ad
931 495 1048 525 inferius
1072 499 1100 524 et
1121 497 1248 525 exterius
1271 494 1507 533 descendentem,
1543 495 1647 526 deinde
1675 499 1831 528 introrsum
1854 509 1887 528 se
1909 510 2031 530 conver-

502 578 617 603 tentem.
660 572 728 611 Quo
751 582 830 601 ramo
853 573 963 600 emisso
987 581 1092 600 nervus
1116 571 1271 600 brachialis
1293 573 1347 600 iter
1367 570 1404 600 ad
1428 573 1566 601 exteriora
1590 574 1753 610 continuat,
1789 575 1935 614 aliumque
1967 587 2031 606 mox

501 649 559 679 edit
590 658 698 678 ramum
736 649 829 687 priore
861 647 957 686 paullo
989 646 1164 686 ampliorem.
1207 646 1254 676 Ad
1286 646 1405 676 interius
1437 648 1463 676 is
1495 651 1524 676 et
1545 649 1666 678 interius
1689 651 1796 688 pariter
1817 654 1905 689 atque
1927 651 1974 680 ilie
1997 662 2029 681 se

501 728 674 754 convertens
699 723 754 752 sub
777 711 910 752 musonio
933 726 1011 752 recto
1034 721 1198 751 abdominis
1221 722 1257 751 ad
1279 727 1466 761 conspectum
1494 725 1587 759 venit,
1623 728 1762 763 quattuor
1794 725 1832 754 ibi
1866 727 2029 756 emissurus

499 809 603 830 ramos.
646 799 775 837 Quorum
798 797 912 838 quidem
936 802 995 828 tres
1018 799 1045 827 in
1069 797 1210 832 muscum,
1234 808 1317 837 quem
1340 797 1423 827 modo
1446 800 1589 827 nominavi
1613 799 1822 838 expanduntur,
1847 805 1968 839 quartus
1992 801 2028 831 ad

501 877 628 904 anterius
650 874 771 904 flectitur
794 878 822 903 et
845 884 906 902 cum
931 875 1022 912 priore
1044 873 1094 902 illo
1117 883 1133 902 a
1156 883 1243 902 nervo
1267 872 1403 903 brnchiaii
1427 875 1535 903 emisso
1567 883 1645 903 ramo
1667 884 1734 904 sese
1757 877 1913 914 coniungit.
1956 876 2030 914 Qui-

499 950 556 980 bus
578 949 692 979 duobus
714 952 753 979 ita
776 951 940 979 coniunctis
963 951 1049 979 ramis
1073 948 1277 988 Hypogiossus
1300 948 1450 986 formatur,
1485 951 1533 988 qui
1556 951 1583 978 in
1606 951 1719 979 interno
1747 960 1836 980 cornu
1859 954 2030 988 posterioris

501 1028 580 1056 ossis
602 1025 714 1064 hyoidei
737 1026 826 1054 latere
847 1029 1008 1054 antrorsum
1033 1024 1222 1063 progrediens
1244 1023 1281 1053 ad
1304 1024 1465 1054 musculum
1488 1024 1728 1063 geniohyoideum
1744 1026 1857 1055 accedit
1879 1028 2031 1057 ramulum-

500 1112 555 1141 que
577 1103 709 1138 exiguum
731 1102 787 1139 ipsi
810 1100 985 1139 suppeditat.
1028 1099 1187 1129 lntrorsum
1221 1099 1325 1129 deinde
1358 1104 1387 1129 et
1417 1104 1579 1130 antrorsum
1613 1111 1719 1131 nervus
1747 1105 1846 1131 noster
1868 1102 2028 1142 procedens

498 1179 527 1206 in
551 1180 665 1206 externa
690 1176 810 1206 muscuii
834 1175 985 1214 hyogiossi
1003 1174 1050 1212 (1)
1073 1179 1153 1213 parte
1175 1174 1280 1205 finitur.

1217 1249 1240 1286 ᾧ.
1283 1250 1310 1281 6.

660 1327 774 1363 Tertia,
811 1337 845 1356 cx
869 1336 924 1366 qua
948 1326 1066 1356 culteilo
1090 1326 1233 1355 subiicere
1256 1326 1341 1355 nobis
1364 1326 1470 1355 licebat
1493 1325 1632 1364 quaedam
1662 1336 1782 1363 genera,
1818 1326 2031 1357 Ecaudatorum

498 1402 661 1432 subfamiiia
687 1413 702 1431 a
726 1402 872 1440 prioribus
895 1401 1008 1429 duabus
1031 1401 1209 1439 aliquantum
1234 1398 1343 1437 differt,
1379 1400 1484 1439 quippe
1519 1410 1593 1439 quae
1625 1404 1653 1430 et
1674 1403 1814 1438 originum
1837 1406 1866 1431 et
1888 1402 2030 1433 decursus

499 1487 648 1506 nervorum
683 1481 784 1505 natura
817 1475 852 1504 ad
876 1474 1161 1504 salamandrinorum
1184 1474 1302 1503 formam
1335 1476 1454 1512 propius
1487 1474 1617 1510 accedat,
1651 1477 1862 1514 transitumque
1886 1480 1970 1516 quasi
1993 1478 2028 1507 ad

497 1553 607 1582 hancce
629 1551 761 1580 familiam
785 1550 905 1579 formare
928 1548 1067 1579 videatur.

657 1625 827 1655 Ceterorum
859 1626 933 1653 enim
967 1634 1118 1653 nervorum
1152 1624 1339 1653 cerebralium
1373 1624 1531 1662 originibus
1564 1625 1684 1655 eandem
1718 1627 1744 1654 in
1782 1625 1962 1656 Pelobate
1993 1637 2027 1658 ac

497 1701 752 1732 Bembinatore
774 1698 978 1728 exhibentibus
1000 1701 1130 1738 speciem
1147 1699 1194 1737 (2)
1217 1710 1301 1739 quam
1325 1702 1352 1729 in
1377 1699 1451 1738 Hyla
1476 1704 1504 1728 et
1526 1700 1624 1729 Rana:
1659 1701 1753 1730 solum
1780 1701 1918 1739 ganglion
1944 1702 2027 1732 Tri-

497 1778 631 1814 gemini
653 1775 832 1813 aliquantum
856 1774 1019 1813 discrepat,
1054 1758 1159 1813 qnippe
1181 1774 1257 1814 quod
1280 1773 1368 1810 duas,
1403 1775 1459 1804 levi
1489 1777 1615 1804 incisura
1647 1780 1675 1804 et
1706 1778 1788 1813 quasi
1821 1779 2029 1807 constrictione

497 1853 571 1880 inter
592 1860 625 1880 sc
647 1849 810 1879 disiunctas
835 1849 970 1878 ostendat
1006 1852 1104 1888 partes
1121 1850 1177 1886 (3).
1221 1849 1355 1879 Ceterum
1388 1849 1505 1879 eaedem
1539 1852 1565 1879 in
1599 1851 1652 1879 hoc
1678 1851 1815 1888 ganglion
1840 1853 2029 1883 immittuntur

498 1935 649 1955 nervorum
673 1924 786 1954 radices
811 1935 882 1962 quae
906 1923 981 1963 apud
1004 1923 1117 1953 Rauam
1140 1928 1170 1954 et
1192 1924 1312 1963 Hylam,
1349 1924 1432 1954 modo
1465 1927 1504 1954 ita
1527 1925 1694 1963 distinctae,
1718 1931 1747 1955 ut
1781 1926 1861 1956 radix
1892 1938 1926 1957 ex
1949 1929 2027 1958 Acu-

497 2003 562 2030 stici
586 2002 695 2038 origine
719 1999 840 2029 oriunda
862 2001 889 2028 in
913 2002 1050 2028 minorem
1073 2000 1151 2029 illius
1174 2004 1282 2038 partem
1306 2002 1392 2030 intret
1407 1999 1471 2038 (4),
1504 2001 1631 2040 reliquae
1654 2001 1727 2030 duae
1749 2001 1840 2039 (paria
1864 2007 1977 2033 sexium
1999 2009 2027 2033 et

497 2076 640 2115 quintum)
662 2085 677 2104 a
701 2077 809 2104 maiore
832 2076 1009 2113 excipiantur
1023 2075 1079 2111 (5).
1122 2075 1216 2113 Quid,
1253 2074 1330 2114 quod
1365 2078 1449 2105 etiam
1482 2077 1551 2105 rami
1585 2086 1599 2104 e
1621 2076 1738 2114 ganglia
1761 2079 1859 2106 emissi
1883 2076 1956 2106 idem
1979 2089 2026 2108 ex-

656 2249 695 2279 (l)
715 2246 820 2274 Meckel
840 2247 916 2281 Syst.
938 2247 962 2273 d.
984 2247 1035 2281 vgl.
1057 2248 1135 2275 Anat.
1165 2247 1224 2275 1111.
1246 2255 1291 2282 pg.
1311 2247 1372 2274 340.

656 2302 694 2333 (⁶2)
715 2300 781 2328 Tab.
802 2301 820 2327 1.
853 2301 911 2335 Fig.
931 2300 947 2326 3
968 2305 994 2327 et
1014 2302 1039 2328 4.

655 2355 693 2385 (3)
714 2354 779 2380 Tab.
800 2354 818 2382 1.
848 2354 907 2388 Fig.
927 2355 943 2381 3
963 2358 990 2380 et
1009 2355 1035 2385 4,
1056 2354 1088 2381 A.
1109 2353 1140 2381 C.

655 2409 694 2439 (4)
714 2407 779 2434 Tab.
799 2407 817 2433 1.
850 2407 906 2442 Fig.
927 2408 944 2434 3
964 2413 991 2435 et
1010 2409 1034 2440 4,
1055 2417 1082 2433 α.

656 2462 694 2492 (5)
716 2460 781 2489 Tab.
803 2462 820 2491 i.
854 2460 913 2496 Fig.
933 2462 949 2489 3
970 2466 996 2489 et
1015 2462 1040 2494 4,
1061 2462 1076 2488 5
1096 2465 1123 2488 et
1141 2461 1165 2488 6.
