2149 3261
106 916 193 969 Jam
217 932 284 963 iude
307 944 341 964 ex
363 944 396 964 co
418 938 554 974 tempore,
587 945 644 976 quo
665 938 786 977 primum
810 938 846 968 ad
869 939 1021 979 zoologiae
1043 940 1170 971 studium
1193 942 1361 974 incumbere
1383 947 1480 985 coepi,
1513 948 1638 977 animum

105 1018 197 1038 meum
221 1010 382 1048 occupabat
404 1010 625 1049 Amphibiorum
649 1012 789 1043 nudorum
813 1016 939 1052 insignis
962 1015 1049 1052 ordo,
1085 1019 1192 1057 quippe
1219 1021 1267 1058 qui
1294 1029 1351 1049 uon
1374 1020 1467 1050 solum
1490 1031 1638 1060 generum,

103 1093 178 1123 quae
198 1085 396 1124 amplectitur,
418 1088 494 1115 serie
515 1087 693 1125 singularem
726 1099 761 1118 ex
776 1091 900 1128 piscium
929 1091 1016 1121 torma
1044 1091 1080 1121 ad
1108 1095 1236 1131 speciem
1264 1096 1445 1133 superiorum
1472 1097 1638 1128 animalium

104 1158 271 1188 ostenderet
298 1162 466 1197 transitum,
502 1161 555 1191 sed
588 1165 674 1193 etiam
702 1165 844 1202 singulari
872 1165 1083 1197 individuorum
1111 1169 1243 1208 corporis
1265 1172 1426 1200 mutatione
1451 1173 1527 1202 viam
1555 1176 1638 1212 quasi

102 1237 170 1262 ante
192 1234 296 1263 oculos
319 1235 404 1265 nobis
426 1242 561 1276 poneret,
593 1248 678 1276 quam
702 1244 804 1269 natura
831 1242 860 1269 in
884 1241 1032 1271 t'ormanclo
1059 1244 1116 1272 isto
1139 1246 1265 1274 transitu
1287 1246 1327 1275 sit
1348 1247 1492 1284 ingressa.
1535 1248 1639 1286 Neque

102 1307 233 1346 profecto
247 1319 413 1347 magnorum
427 1313 549 1341 virorum
569 1314 698 1353 exempla
716 1325 814 1353 parum
834 1317 1020 1347 contuleruut
1040 1317 1077 1347 ad
1100 1329 1235 1357 amorem,
1258 1330 1315 1359 quo
1336 1321 1422 1351 huius
1445 1321 1554 1352 ordinis
1576 1329 1639 1353 stu-

107 1382 184 1411 dium
206 1392 270 1411 sum
293 1384 445 1422 amplexus
468 1387 664 1425 incitandum,
697 1399 783 1428 quum
807 1391 914 1420 multos
937 1390 1170 1422 doctissimorum
1195 1396 1384 1433 zoologorum
1409 1407 1550 1428 summum
1575 1410 1644 1438 prae

105 1459 210 1486 ceteris
232 1457 359 1487 studium
382 1460 410 1488 in
433 1459 489 1489 hoc
510 1461 610 1490 ordine
632 1465 801 1492 accuratius
823 1465 998 1503 explorando
1021 1467 1184 1497 collocasse
1214 1469 1350 1502 viderem.
1375 1491 1409 1495 —
1434 1472 1640 1504 Verumtamen

104 1543 139 1562 ex
161 1532 260 1562 eadem
283 1533 336 1563 hac
359 1544 465 1564 caussa
488 1539 573 1566 inane
595 1537 653 1566 lere
675 1537 764 1567 videri
788 1549 904 1578 possem
929 1544 1102 1580 concepisse
1124 1546 1317 1583 propositum,
1344 1549 1491 1576 materiam
1508 1549 1639 1579 nimirum

106 1608 251 1637 scribendi
273 1609 410 1646 eligendo
433 1615 490 1640 tam
519 1622 608 1651 saepe
635 1614 690 1641 iam
719 1619 746 1642 et
775 1625 789 1643 a
813 1618 903 1644 tantis
932 1618 1002 1645 viris
1031 1619 1253 1656 investigatam,
1290 1631 1376 1659 quum
1399 1632 1430 1651 re
1451 1633 1518 1653 vera
1543 1630 1641 1655 nostra

105 1685 246 1722 imprimis
275 1689 403 1724 tempora
425 1686 556 1724 polleant
577 1689 708 1726 scriptis,
747 1690 853 1727 quibus
880 1690 999 1721 historia
1023 1693 1164 1722 naturalis
1192 1698 1220 1723 et
1242 1697 1385 1725 anatomia
1412 1697 1511 1727 horum
1534 1702 1643 1730 animn-

107 1759 174 1788 lium
196 1761 256 1788 sint
277 1766 389 1790 auctae.
433 1763 471 1790 At
493 1766 603 1791 tautum
627 1763 727 1799 abest,
762 1769 792 1793 ut
815 1765 1050 1796 doctissimorum
1074 1770 1198 1797 virorum
1222 1770 1328 1800 studiis
1351 1782 1467 1809 omnes,
1505 1775 1560 1803 sub
1582 1781 1644 1814 qui-

106 1834 162 1863 bus
184 1834 253 1864 latet
276 1834 326 1863 ille
347 1835 432 1871 ordo,
455 1837 598 1874 caligines
620 1841 681 1867 siut
704 1839 882 1879 dissipatae,
910 1847 939 1870 ut
963 1843 1103 1880 permulta
1125 1843 1222 1874 adhuc
1245 1847 1449 1884 investiganda
1472 1855 1499 1879 et
1523 1851 1644 1890 diligen—

106 1911 164 1939 tius
187 1909 389 1949 perlustranda
422 1910 457 1940 ab
488 1912 545 1940 illis
579 1913 664 1942 nobis
697 1917 755 1944 sint
788 1916 897 1947 relicta.
941 1917 976 1946 Et
1006 1924 1048 1947 est
1074 1918 1203 1957 quida-m,
1240 1922 1264 1949 si
1287 1922 1404 1959 singula
1428 1924 1462 1953 de
1486 1925 1643 1965 Reptilium

106 1985 245 2014 nudorum
270 1985 389 2014 historia
412 1990 440 2015 et
463 1990 606 2017 anatomia
629 1991 737 2028 scripta
761 1991 985 2028 perlustramus,
1022 1995 1161 2032 imprimis
1188 2006 1340 2026 nervorum
1374 1999 1541 2039 cerebrique
1564 2014 1642 2032 com-

106 2063 232 2099 paratio,
270 2071 344 2098 qnae
377 2063 478 2099 paucis
506 2062 541 2091 de
564 2065 626 2102 ipsa
650 2067 726 2094 uotis
750 2069 878 2105 exceptis
903 2069 1034 2105 neglecta
1062 2080 1153 2109 paene
1176 2072 1271 2101 iaceat
1302 2084 1336 2102 ac
1359 2078 1579 2115 praetermissa,
1616 2084 1644 2109 et

107 2146 279 2174 quamquam
303 2146 405 2174 magua
428 2142 495 2166 sunt
518 2141 689 2177 maximique
713 2144 846 2171 momenti
871 2154 918 2179 ea,
955 2155 1028 2183 quae
1055 2145 1091 2174 de
1113 2147 1223 2186 reliqua
1247 2158 1343 2178 eornm
1368 2155 1587 2182 constructione
1610 2165 1644 2184 ac

108 2213 239 2250 corporis
262 2211 427 2240 evolutione
450 2215 666 2252 promulgarunt
690 2221 809 2246 naturae
830 2224 1022 2255 scrutatores,
1055 2225 1225 2260 systematis
1250 2227 1364 2254 nervosi
1388 2227 1642 2259 conformationem

108 2290 153 2315 vix
178 2287 265 2315 verbo
288 2289 371 2325 ipsos
394 2290 540 2326 attigisse,
564 2291 622 2319 iure
645 2297 690 2320 est
714 2292 789 2330 quod
807 2295 948 2324 miremur.
973 2313 1009 2316 —
1033 2296 1124 2326 Cuius
1149 2298 1264 2337 quidem
1288 2302 1327 2329 rei
1347 2311 1481 2331 caussam
1505 2306 1530 2333 si
1554 2315 1643 2344 quae-

108 2365 211 2398 sieris,
246 2364 273 2391 iu
297 2373 330 2390 eo
353 2365 536 2401 potissimum
561 2375 622 2394 eam
647 2369 770 2404 positam
793 2379 861 2398 esse
885 2372 1032 2407 invenies,
1069 2372 1143 2409 quud
1178 2374 1252 2404 haud
1287 2386 1391 2415 parvas
1418 2377 1466 2407 illa
1490 2389 1642 2410 nervorum

110 2439 296 2475 investigatio
330 2439 356 2466 iu
380 2439 562 2469 animalculis
586 2447 640 2470 tam
667 2445 778 2481 exiguis
809 2445 921 2475 exhibet
946 2446 1147 2485 difficultates,
1182 2460 1268 2488 quum
1303 2455 1475 2483 tenuissima
1508 2455 1555 2485 illa
1588 2456 1645 2493 fila,

1415 2504 1428 2528 l
