2149 3261
1239 280 1326 325 7⁰

520 417 598 446 nervi
621 413 751 444 lateralis
783 410 952 450 (glandulas
985 419 1091 450 parvas
1123 409 1322 440 subcutaneas
1354 411 1530 449 instruente)
1566 409 1680 442 delectu
1711 412 1847 444 facillime
1878 419 1977 454 potest
1998 426 2048 447 ex-

520 490 629 529 plicari.

675 560 736 592 Sed
757 560 836 592 aliud
858 563 1009 600 praeterea
1031 559 1222 590 doctissimus
1243 558 1330 590 Funk
1351 559 1479 590 exhibuit
1506 559 1624 599 dictum,
1657 563 1758 592 mirum
1789 563 1860 594 illud
1882 564 1995 603 quidem
2018 571 2048 595 et

517 638 602 669 valde
623 637 782 676 singulare:
804 635 942 675 „Quodsi
962 636 1036 666 haec
1057 634 1248 665 distribuendi
1271 645 1307 665 ac
1328 634 1475 665 dividendi
1497 636 1608 666 valeret
1628 639 1710 675 ratio,
1731 638 1895 669 testudines
1916 642 2044 671 marinas

516 724 551 752 „a
574 713 761 744 terrestribus
783 711 950 750 disiungas,
985 714 1015 740 et
1035 710 1262 750 Gyperoganum
1292 709 1448 741 africanum
1481 711 1518 741 ab
1550 711 1656 742 avibus
1686 715 1870 753 raptatoriis‚
1904 714 1957 744 sed
1979 717 2046 753 quis

517 793 598 827 „est,
633 790 681 828 qui
704 798 760 817 non
792 787 952 825 intelligat,
986 795 1155 826 perversum
1175 785 1233 816 hoc
1254 796 1323 816 esse
1354 790 1383 816 et
1404 787 1649 816 inconcinnum?“
1690 788 1778 826 Quod
1801 790 1920 828 primum
1943 789 1980 819 ad
2003 789 2046 819 di-

515 866 702 894 stinctionem
726 862 924 900 „testudinum
948 862 1118 891 marinarum
1140 870 1157 890 a
1179 861 1388 891 terrestribus“
1408 865 1523 891 attinet:
1560 863 1676 892 minime
1707 873 1740 892 ea
1773 867 1832 893 tam
1857 874 1994 903 perversa
2017 869 2046 894 et

514 941 689 970 inconcinna
731 937 853 974 videtur,
893 946 978 975 quam
1019 935 1176 975 perdoctus
1209 936 1254 964 vir
1294 946 1357 966 eam
1400 946 1468 966 esse
1498 936 1598 967 voluit.
1657 937 1767 968 Nullus
1798 940 1896 977 utique
1928 943 2048 969 nostrae

515 1015 622 1045 aetatis
643 1015 769 1052 scriptor
790 1011 959 1042 Cheloniam
982 1010 1092 1040 Midam
1116 1021 1181 1041 cum
1209 1010 1372 1041 Testudine
1393 1014 1567 1049 geometrica
1591 1015 1621 1042 et
1640 1011 1754 1052 Emyde
1775 1017 1877 1043 nostra
1898 1013 1934 1044 ad
1956 1024 2043 1044 unum

513 1089 650 1126 idemque
671 1097 766 1126 genus
787 1086 902 1123 retulit,
936 1087 1043 1126 quippe
1075 1095 1149 1126 quas
1169 1095 1281 1116 summa
1303 1085 1465 1116 disiunctas
1486 1097 1554 1117 esse
1574 1087 1727 1117 formarum
1750 1087 1925 1125 differentia,
1961 1099 2045 1119 nemo

514 1166 563 1201 sit,
595 1166 663 1203 quin
696 1162 779 1192 facile
810 1161 916 1192 videat.
939 1180 975 1185 —
997 1161 1187 1201 Gyperogani
1218 1165 1314 1191 autem
1342 1163 1514 1201 serpentarii
1536 1163 1562 1191 si
1584 1166 1752 1201 spectamus
1773 1164 1950 1203 exemplum,
1986 1174 2044 1203 quo

514 1239 706 1269 doctissimus
730 1236 813 1267 Funk
844 1236 881 1266 ad
913 1237 1087 1266 sententiam
1122 1246 1204 1266 suam
1237 1235 1489 1266 demonstrandam
1522 1241 1567 1266 est
1602 1247 1689 1267 usus:
1723 1237 1802 1268 aliud
1838 1242 1883 1268 est
1918 1238 2042 1268 familias

513 1314 703 1351 distinguere,
724 1311 802 1341 aliud
824 1322 940 1350 genera,
962 1315 992 1340 et
1014 1311 1169 1349 zoologica
1190 1310 1306 1347 indicia,
1327 1320 1402 1348 quae
1424 1312 1544 1340 minoris
1566 1315 1635 1340 sunt
1656 1314 1802 1349 momenti,
1830 1322 1914 1352 quam
1937 1313 2043 1352 quibus

514 1389 549 1419 ab
572 1391 667 1418 avium
690 1392 867 1427 raptatorum
890 1386 996 1415 familia
1017 1387 1188 1423 seiungatur
1208 1384 1425 1424 Gyperoganus
1455 1390 1483 1414 et
1515 1384 1551 1415 ab
1573 1385 1740 1425 Amphibiis
1771 1385 1856 1417 nudis
1887 1387 2043 1418 Salaman-

514 1464 583 1494 drae
604 1467 633 1493 et
655 1462 792 1492 Tritones
814 1460 1017 1497 excludantur,
1051 1464 1146 1489 tamen
1169 1461 1244 1489 satis
1266 1468 1370 1496 magna
1392 1469 1460 1488 esse
1481 1463 1623 1496 possunt,
1654 1460 1759 1499 quibus
1781 1471 1797 1490 a
1819 1461 1917 1498 Circo,
1939 1462 2043 1500 MHvo,

514 1540 646 1570 Buteone
666 1536 737 1567 illud
760 1545 865 1574 genus,
886 1545 903 1564 a
926 1534 1047 1564 Tritone
1069 1532 1260 1563 salamandra
1284 1533 1488 1571 distinguatur.
1508 1550 1547 1555 ·-—

672 1613 711 1641 At
733 1611 812 1639 finito
836 1619 912 1637 nunc
933 1610 988 1637 iam
1011 1618 1101 1647 parvo
1122 1608 1179 1637 hoc
1201 1618 1334 1644 excursu,
1366 1618 1450 1646 quem
1475 1607 1708 1637 doctissimorum
1732 1611 1856 1639 virorum
1879 1610 2042 1642 Schneider

513 1693 543 1718 et
563 1685 649 1718 Funk
670 1686 824 1714 sententiis
847 1693 892 1712 me
913 1682 1019 1712 debere
1042 1682 1205 1719 credebam,
1236 1682 1272 1712 ad
1298 1693 1332 1712 ca
1355 1681 1524 1717 redeamus,
1555 1693 1630 1720 quae
1662 1683 1697 1712 de
1729 1689 1889 1723 systemate
1920 1697 2043 1717 nervoso

515 1760 800 1792 Salamandrinorum
833 1763 861 1787 et
887 1757 1118 1794 Ecaudatorum,
1153 1757 1246 1787 ordini
1278 1757 1446 1795 molegica,
1482 1762 1513 1787 ut
1534 1757 1695 1795 videretur,
1727 1765 1920 1798 repugnante,
1956 1772 2045 1802 supra

515 1838 713 1877 exposuimus.
754 1833 902 1863 Ranarum
935 1834 1027 1868 enim,
1063 1832 1205 1862 Buionum
1237 1837 1293 1863 cet.
1326 1842 1432 1862 nervos
1465 1832 1630 1862 cerebrales
1664 1834 1700 1862 ab
1733 1834 1857 1863 bominis
1893 1845 2042 1867 nervorum

515 1913 614 1952 specie
635 1911 751 1947 longius
775 1907 928 1945 recedere,
964 1917 1048 1947 quam
1071 1906 1282 1937 Salamandrae
1304 1907 1493 1946 Tritonisque
1519 1912 1648 1946 systema
1681 1919 1854 1946 nervosum,
1889 1920 1976 1950 supra
1999 1917 2045 1942 est

517 1988 786 2020 commemoratum,
820 1985 859 2012 ita
891 1987 922 2012 ut
953 1985 998 2012 via
1022 1993 1098 2012 nunc
1120 1984 1175 2012 iam
1201 1983 1242 2012 sit
1263 1981 1444 2022 quaerenda,
1478 1993 1534 2021 qua
1556 1982 1714 2020 singularis
1736 1983 1807 2013 haec
1828 1995 1862 2014 ac
1885 1996 1952 2016 vere
1973 1990 2044 2017 mira

514 2073 562 2092 res
584 2062 682 2102 possit
716 2058 864 2097 explicari.
905 2058 990 2096 Quae
1024 2057 1139 2097 quidem
1171 2060 1219 2088 via
1251 2059 1279 2087 in
1311 2057 1491 2096 cordylorum
1524 2059 1621 2087 nervis
1653 2059 1848 2089 cerebralibus
1878 2064 2044 2093 accuratius

515 2134 731 2174 investigandis
753 2137 799 2163 est
821 2134 927 2172 posita.
969 2133 1089 2163 Summa
1110 2135 1202 2171 enim,
1236 2137 1269 2162 ut
1300 2135 1420 2172 saepius
1452 2135 1507 2162 iam
1540 2137 1584 2161 est
1606 2131 1730 2170 dictum,
1763 2135 1838 2164 inter
1859 2135 2042 2175 cordylorum

514 2217 543 2242 et
565 2211 727 2242 adultorum
751 2208 963 2238 Ecaudatorum
1002 2219 1105 2238 nervos
1137 2207 1290 2238 intercedit
1311 2207 1482 2239 differentia.
1517 2206 1703 2246 'trigeminos
1733 2210 1762 2239 in
1789 2208 1870 2239 hisce
1891 2221 1956 2241 cum
1978 2213 2041 2242 Ab·

514 2287 637 2317 ducente
659 2290 688 2314 et
717 2284 827 2314 Faciali
853 2289 996 2313 connatus
1012 2284 1075 2321 (l),
1110 2286 1138 2313 in
1171 2284 1230 2313 illis
1254 2285 1380 2312 omniuo
1412 2283 1485 2312 liber
1516 2287 1563 2313 est.
1595 2293 1702 2313 nervus
1734 2294 1826 2324 neque
1859 2286 1946 2317 ullam
1975 2298 2039 2318 cum

677 2440 715 2470 (l)
736 2438 802 2464 Vide
824 2439 947 2473 imprimis
967 2438 1085 2473 origines
1105 2445 1245 2464 nervorum
1265 2438 1289 2463 in
1309 2436 1377 2471 Hyla
1396 2436 1510 2464 arborea
1529 2436 1595 2465 Tab.
1610 2437 1629 2469 1,
1650 2436 1743 2472 Fignz
