2149 3261
822 267 912 314 «39

106 403 274 441 ostendunt,
309 404 416 434 formae
438 413 453 433 a
475 401 729 433 Solamandrarum
752 401 879 432 foetibus
902 401 1044 437 differunt,
1081 402 1193 431 etiamsi
1216 401 1333 431 silentio
1362 399 1431 431 illud
1453 404 1631 440 praetermit-

107 482 199 515 tatur,
238 478 312 518 quod
336 478 526 508 Salamandra
558 479 721 517 oviparum‚
757 477 857 506 Triton
880 478 1026 515 oviparum
1060 480 1106 505 est
1127 476 1240 507 animal.
1284 477 1328 506 An
1356 478 1429 506 enim
1456 476 1562 506 nullius
1584 480 1630 506 est

105 556 240 583 momenti
259 553 336 593 quod
353 552 562 583 Salamandrue
577 552 662 582 ovula
680 552 824 582 albumine
839 554 946 587 carent,
963 552 990 579 in
1004 549 1134 580 Tritonis
1147 550 1241 580 ovulis
1254 552 1343 589 primo
1355 555 1476 590 aspectu
1489 553 1516 581 in
1529 552 1630 581 oculos

103 628 446 667 incurrente?(Sieboldt
457 628 572 659 obserV.
584 626 686 667 quaed.
699 626 734 656 de
746 625 857 661 Triton,
869 630 897 655 et
910 625 1017 655 Salam.
1035 635 1081 664 pg.
1096 625 1314 664 12).-Neque
1326 627 1410 655 etiam
1428 625 1547 662 fabrica,
1565 636 1630 656 cor-

104 704 240 742 porisque
252 703 454 739 conformatio,
471 708 500 732 ut
512 702 597 732 Funk
611 701 724 742 quidem
737 699 896 737 contendit,
908 699 1007 730 eadem
1021 705 1067 730 est
1080 702 1192 740 utrique
1205 702 1311 739 generi.
1337 700 1432 738 Quid,
1449 699 1526 739 quod
1539 700 1630 730 cauda

105 777 316 808 Salamandrae
339 783 383 808 est
416 783 510 815 teres,
543 777 769 813 subtetragoua,
805 774 937 804 Tritonis
959 785 1067 814 anceps
1095 775 1241 814 liuiboqne
1265 779 1389 805 cutaneo
1412 777 1521 811 cincta,
1556 775 1632 814 quod

105 855 165 892 pori
189 853 322 883 dorsales
354 855 382 883 in
416 853 463 883 illa
494 852 568 882 adeo
599 852 756 891 perspicui,
788 852 816 880 in
839 851 893 880 hoc
925 850 995 880 nulli
1021 851 1214 887 inveniuntur,
1245 850 1320 889 quod
1343 849 1523 890 parotidibus
1545 850 1631 880 Sala-

106 928 224 957 mandra
257 932 314 958 tam
349 929 476 966 magnis,
513 927 613 956 Triton
647 925 790 955 obsoletis
821 929 931 955 tantum
964 925 1086 963 gaudet,
1121 925 1196 964 quod
1230 927 1305 955 cutis
1326 925 1404 954 illius
1427 925 1539 961 mollis,
1575 924 1633 955 fere

106 1002 271 1042 splendida,
294 1004 378 1033 huius
400 1003 588 1032 verruculosa
613 1011 646 1031 ac
669 1001 727 1030 fere
749 1011 852 1038 aspera
876 1002 1040 1030 invenitur?
1082 1000 1235 1030 Accedunt
1256 1003 1385 1030 internae
1407 1002 1633 1030 constructionis

104 1077 245 1116 quaedam
268 1077 444 1113 discrimina,
481 1077 654 1115 dignissima
690 1086 732 1112 ea,
768 1080 800 1105 ut
821 1075 944 1112 videtur,
981 1080 1090 1112 notatu,
1126 1086 1243 1115 quorum
1277 1076 1371 1105 solius
1403 1077 1480 1104 nervi
1504 1075 1632 1105 lateralis

105 1152 244 1182 faciemus
266 1154 454 1189 mentionem,
490 1154 538 1192 qui
571 1154 599 1181 in
623 1151 745 1181 Tritone
775 1155 832 1181 tam
866 1161 987 1190 magnus
1010 1153 1037 1181 in
1070 1155 1192 1190 utroque
1214 1154 1342 1190 corporis
1365 1151 1454 1180 latere
1483 1160 1575 1190 usque
1597 1150 1633 1180 ad

104 1227 231 1257 caudam
255 1228 356 1265 tendit,
379 1230 464 1257 cuins
487 1232 588 1257 contra
610 1229 638 1256 iu
661 1226 851 1255 salamandra
876 1237 910 1255 ne
932 1228 1085 1264 vestigium
1110 1225 1224 1265 quidem
1249 1230 1344 1265 potest
1366 1227 1497 1255 inveniri.
1540 1225 1632 1262 Quem

102 1309 195 1332 tamen
223 1312 340 1332 nervum
363 1301 553 1331 doctissimus
576 1304 619 1331 vir
640 1311 676 1330 ne
699 1303 844 1340 qnaesivit
881 1300 1010 1339 quidem,
1046 1302 1152 1340 quippe
1184 1303 1231 1339 qui
1261 1302 1322 1340 (pg.
1348 1302 1385 1330 14
1406 1300 1430 1336 ᾧ.
1452 1301 1491 1330 20
1512 1302 1541 1330 in
1564 1300 1632 1336 fine)

103 1379 242 1414 „omnino
272 1377 378 1406 nullum
402 1387 434 1406 se
456 1378 589 1416 persequi
613 1378 746 1415 potuisse
768 1386 884 1406 nervum
907 1378 935 1405 in
959 1375 1170 1405 Salamandra‘⁵
1192 1378 1255 1415 ipse
1277 1375 1454 1405 confiteatur.

259 1450 346 1488 Quod
369 1450 498 1480 secundo
522 1451 584 1479 loco
607 1449 796 1479 doctissimus
819 1449 902 1478 Funk
926 1449 1007 1478 dicit:
1050 1450 1176 1485 „nullum
1210 1460 1278 1480 csse
1300 1451 1455 1480 discrimen
1479 1452 1631 1489 aquaticas

103 1529 166 1562 „sic
188 1525 281 1555 dictas
305 1524 512 1555 salamandras
534 1524 704 1562 (Tritones)
727 1526 755 1553 in
778 1533 852 1563 aqna
875 1526 981 1560 vivere,
1005 1528 1159 1553 terrestres
1181 1529 1276 1554 autem
1300 1527 1327 1554 in
1351 1529 1426 1554 terra
1449 1525 1496 1554 vel
1518 1526 1632 1555 sicco:“

104 1604 289 1632 inveniuntur
310 1599 424 1640 quidem
447 1602 474 1628 in
499 1598 597 1628 ordine
619 1599 783 1628 animalium
807 1599 911 1628 multae
934 1598 1071 1633 familiae,
1108 1609 1226 1637 quarum
1260 1600 1316 1628 alia
1349 1609 1456 1636 genera
1490 1602 1517 1628 iu
1550 1609 1632 1637 aqua,

101 1679 157 1707 alia
179 1679 206 1706 in
229 1679 308 1706 sicco
330 1675 437 1713 degant
459 1677 553 1706 vitam.
598 1674 683 1712 Quae
713 1678 808 1704 tamen
840 1683 887 1702 res
921 1683 978 1702 nou
1009 1672 1131 1701 eundem
1155 1682 1275 1711 prorsus
1299 1674 1325 1701 in
1350 1672 1461 1702 modum
1480 1673 1516 1702 de
1538 1676 1631 1704 vario-

102 1763 163 1782 rum
195 1761 331 1789 generum
364 1749 523 1790 speciebus
555 1753 653 1788 potest
685 1748 749 1779 dici.
794 1748 959 1788 Numquam
994 1758 1029 1776 ex
1051 1747 1184 1783 Tritone,
1220 1749 1248 1776 iu
1281 1751 1356 1776 terra
1382 1758 1496 1786 semper
1518 1752 1633 1778 servato

103 1826 294 1857 Salamandra
330 1829 426 1864 potest
460 1824 535 1860 fieri,
570 1834 624 1853 nec
655 1822 847 1853 Salamandra
888 1832 981 1862 aquae
1013 1824 1143 1851 immissa
1178 1822 1309 1852 Tritonis
1342 1832 1474 1861 umquam
1507 1822 1631 1853 indolem

102 1902 211 1932 induet.
255 1901 302 1930 Du
334 1900 397 1938 Fay
419 1898 511 1935 (Hist.
544 1898 580 1928 de
611 1898 723 1929 l’Acad.
757 1908 817 1936 roy.
851 1897 886 1926 de
908 1897 1020 1927 France
1043 1898 1119 1927 1727
1143 1907 1188 1936 pg.
1211 1899 1243 1934 5)
1266 1897 1381 1936 quidem
1404 1897 1483 1933 dicit,
1519 1908 1551 1927 se
1583 1908 1634 1937 per

104 1978 219 2016 longius
243 1977 382 2014 temporis
415 1976 540 2014 spatium
564 1972 773 2002 Salamandras
803 1977 959 2002 terrestres
992 1974 1020 2001 in
1043 1983 1118 2012 aqna
1152 1975 1247 2001 vivere
1280 1972 1406 2008 vidisse,
1442 1983 1515 2010 qnae
1536 1978 1631 2003 tamen

102 2062 161 2088 res,
195 2050 339 2091 quomodo
362 2050 421 2079 fieri
444 2051 578 2089 potuerit,
611 2050 720 2077 nescio,
764 2047 831 2087 lpse
853 2050 928 2077 enim
951 2048 1106 2086 aliquoties
1127 2048 1199 2077 haec
1222 2050 1414 2087 experimenta
1439 2050 1550 2087 repetii,
1577 2048 1632 2078 Sa-

107 2127 272 2156 lamandras
308 2130 462 2155 terrestres
497 2126 525 2153 in
562 2133 615 2153 vas
642 2133 716 2162 aqua
738 2123 878 2162 repletum
900 2125 1067 2159 immittens,
1102 2133 1174 2161 quas
1210 2127 1303 2152 tamen
1340 2125 1422 2152 anxie
1459 2133 1492 2152 ac
1528 2123 1634 2162 pavide

103 2212 218 2241 semper
239 2200 413 2230 circumferri
437 2201 605 2238 siccumque
627 2208 738 2228 summa
760 2200 861 2227 virium
885 2200 1072 2227 contentione
1094 2201 1224 2236 repetere
1246 2197 1313 2228 vidi.
1357 2198 1384 2227 A
1417 2209 1473 2236 quo
1506 2201 1530 2228 si
1565 2199 1630 2228 illae

103 2276 332 2312 excluderentur,
365 2286 421 2305 uno
455 2274 499 2304 vel
533 2274 648 2304 duobus
672 2274 773 2303 diebus
803 2277 870 2313 post
892 2282 1005 2312 semper
1027 2274 1179 2312 perierunt,
1212 2276 1365 2312 cutemque
1387 2273 1540 2311 turgidam,
1572 2284 1630 2304 ina-

103 2362 217 2390 gnaque
251 2362 325 2390 quae
357 2351 412 2380 sub
445 2361 478 2380 ea
501 2349 621 2387 latebat,
653 2359 744 2389 aquae
776 2351 860 2388 copia
883 2348 1020 2378 tumidam
1044 2347 1244 2380 ostenderunt.
1286 2348 1370 2386 Quae
1392 2348 1505 2387 quidem
1528 2359 1574 2379 res
1597 2360 1630 2378 ex
