2149 3261
1216 280 1302 324 5⁰

488 417 598 446 irritato
620 415 716 443 locum
738 412 893 442 haberent:
931 413 1041 449 optimo
1074 411 1135 438 iure
1167 408 1234 438 inde
1259 411 1357 448 potest
1378 407 1528 438 concludi:
1561 417 1692 438 ramum
1714 407 1917 447 iugularem
1939 418 2023 438 esse

489 499 621 520 ramum
643 482 743 517 ne’rvi
765 485 946 516 Facialis.
969 504 1005 510 --
1028 484 1066 514 Et
1088 495 1118 514 re
1140 494 1206 513 vera
1231 485 1338 523 optime
1361 482 1546 514 confirmatur
1567 493 1600 513 ea
1623 485 1768 513 sententia
1790 482 1916 513 decursu
1937 482 2024 513 huius

488 565 558 593 rami
580 564 608 592 in
631 561 823 592 Salamandra
856 564 885 590 et
908 560 1030 590 Tritone
1063 570 1157 599 usque
1191 559 1227 589 ad
1262 560 1402 597 originem
1428 557 1575 597 indagato.
1617 557 1767 587 Invenitur
1788 560 1864 587 enim
1886 559 1971 588 etiam
1994 560 2023 587 in

490 639 572 668 hisce
594 637 762 676 generibus,
784 636 955 676 eodemque,
988 645 1045 675 quo
1066 636 1094 664 in
1117 637 1210 674 priore
1233 634 1338 664 familia
1359 644 1392 664 se
1413 633 1525 663 habens
1546 633 1641 670 modo,
1663 643 1718 662 non
1741 633 1836 663 solum
1858 643 1921 662 cum
1944 643 2023 662 ramo

491 714 723 744 communicante
745 711 821 750 Vagi
845 712 1036 749 coniungitur,
1059 709 1112 740 sed
1135 711 1219 739 etiam
1243 709 1346 739 iisdem
1365 708 1506 738 musculis
1528 707 1697 747 suppeditat
1718 718 1840 737 nervos:
1861 713 1891 737 at
1912 712 2022 737 tantum

489 788 586 826 abest,
609 792 639 817 ut
660 798 695 817 ex
717 787 876 825 Trigemini
900 788 1008 815 oriatur
1029 786 1157 824 ganglio,
1179 789 1210 814 ut
1230 785 1267 814 ab
1290 786 1354 823 ipso
1375 783 1486 813 Faciali
1510 784 1592 813 nasci
1614 784 1709 822 ipsum
1731 782 1893 813 videamus.

651 862 751 892 Minus
773 866 868 891 autem
901 866 979 891 recte
1013 862 1056 890 vir
1081 860 1303 896 celeberrimus,
1338 862 1372 888 ut
1402 858 1525 895 videtur,
1547 858 1624 888 hunc
1655 868 1764 888 ramum
1796 858 1876 888 solas
1898 857 2025 888 Facialis

493 940 585 968 nostri
616 937 692 977 apud
716 937 871 968 Batrachia
903 936 1042 974 reliquias
1065 937 1228 971 continere,
1262 937 1291 963 et
1322 934 1416 963 solum
1447 943 1592 972 unumque
1621 942 1767 963 ramorum
1798 943 1833 963 ex
1859 932 2027 971 Trigemino

493 1013 648 1042 orientium
671 1021 741 1041 esse
763 1012 865 1048 voluit,
898 1012 946 1050 qui
969 1010 1069 1046 radici,
1101 1009 1137 1040 ab
1160 1010 1293 1040 Acustici
1315 1010 1426 1046 origine
1447 1009 1475 1038 in
1498 1008 1526 1038 id
1549 1009 1676 1038 emissae
1697 1007 1899 1047 responderet:
1941 1009 2026 1038 etiam

491 1097 608 1117 ramus
631 1087 835 1126 palatinus,
859 1087 907 1125 qui
929 1087 957 1114 in
980 1084 1138 1114 Ecaudatis
1160 1094 1176 1113 e
1198 1086 1276 1123 paris
1299 1085 1390 1123 quinti
1412 1084 1530 1122 ganglio
1558 1083 1664 1122 prodit,
1686 1092 1784 1113 ramus
1808 1085 1886 1122 paris
1908 1084 2025 1123 septimi

494 1173 563 1193 esse
585 1163 671 1192 nobis
693 1161 814 1192 videtur.
857 1160 992 1191 Cernitur
1013 1162 1088 1190 enin]
1111 1161 1197 1189 etiam
1220 1161 1248 1188 in
1271 1159 1463 1188 Salamandra
1491 1162 1520 1188 et
1542 1158 1680 1195 Tritone,
1714 1157 1908 1197 eandemque,
1943 1168 2028 1197 quam

496 1239 524 1267 in
547 1237 606 1267 illis
628 1236 716 1267 habet
738 1236 911 1273 decursum,
947 1239 1021 1266 inter
1043 1235 1156 1264 oculum
1180 1236 1313 1264 nimirum
1346 1238 1375 1264 et
1406 1234 1599 1264 membranam
1622 1233 1710 1273 palati
1735 1233 1837 1272 (snpra
1859 1243 2028 1269 processum

495 1312 620 1351 lyratum
644 1314 723 1341 ossis
746 1312 880 1351 palatini)
912 1315 1076 1340 antrorsum
1100 1308 1298 1349 progrediens,
1329 1319 1486 1347 ramosque
1517 1308 1555 1337 ad
1583 1308 1694 1337 hancce
1715 1309 1863 1339 emittens.
1904 1306 1942 1336 Et
1963 1317 2030 1346 pro-

495 1387 587 1423 fecto,
619 1386 688 1426 quid
711 1388 804 1424 magis
826 1395 878 1425 pro
901 1386 1047 1414 sententia
1069 1389 1184 1420 nostra,
1219 1393 1287 1413 esse
1309 1383 1385 1412 hunc
1406 1392 1521 1422 quoque
1548 1391 1656 1412 ramum
1678 1381 1716 1411 ad
1737 1381 1884 1411 Facialem
1906 1381 2030 1412 reteren-

495 1462 574 1498 dum,
596 1464 694 1501 possit
716 1470 860 1500 pugnare,
896 1469 980 1498 quam
1003 1458 1079 1497 quod
1112 1460 1139 1487 in
1174 1461 1297 1496 utraque
1318 1456 1425 1486 familia
1446 1456 1568 1486 eandem
1589 1458 1705 1485 omnino
1727 1455 1871 1496 praebens
1892 1458 2030 1496 speciem,

495 1540 525 1567 in
548 1535 783 1567 Salamandrinis
806 1544 836 1564 re
858 1544 925 1563 vera
947 1543 963 1563 a
987 1543 1071 1572 pare
1093 1534 1251 1571 septimo
1275 1531 1401 1562 oriatur?
1417 1531 1472 1568 (1).
1495 1550 1531 1555 —

655 1612 694 1641 At
725 1613 839 1649 praeter
870 1608 961 1637 hosce
989 1608 1074 1644 duos,
1098 1617 1173 1646 quos
1194 1605 1279 1635 modo
1302 1607 1603 1641 commemoravimus,
1625 1614 1733 1642 ramos,
1755 1607 1880 1643 tertium,
1902 1605 1931 1636 id
1953 1606 2029 1647 quod

497 1697 583 1726 supra
599 1688 655 1716 iarn
672 1684 780 1714 dictum
796 1687 851 1720 est,
873 1692 981 1711 nervus
1002 1681 1130 1711 Facialis
1151 1682 1180 1710 in
1208 1679 1400 1710 Salamandra
1421 1684 1451 1709 et
1474 1679 1594 1708 Tritone
1615 1680 1735 1709 emittit:
1755 1689 1886 1710 ramum
1909 1681 2031 1711 alveo-

497 1763 621 1797 larem,
642 1761 689 1799 qui
709 1760 738 1788 in
757 1758 850 1788 canali
873 1757 1006 1787 maxillae
1027 1756 1170 1786 inferioris
1192 1755 1366 1794 procedens,
1389 1756 1416 1784 in
1439 1759 1505 1784 cute
1527 1754 1635 1784 hancce
1657 1758 1784 1792 tegente,
1806 1755 2031 1796 membranaque

496 1839 607 1866 interna
635 1837 694 1865 oris
727 1832 908 1873 expanditur.
951 1832 1108 1870 Quaeritur
1128 1834 1235 1867 autem,
1257 1832 1323 1869 quis
1346 1829 1505 1868 Trigemini
1528 1839 1626 1859 ramus
1648 1831 1676 1858 in
1698 1829 1789 1858 altera
1812 1829 1898 1859 huius
1919 1830 2030 1861 ordinis

498 1911 603 1941 familia
636 1911 660 1939 ei
693 1907 881 1948 respondeat.
923 1906 981 1945 Qui
1010 1905 1124 1945 quidem
1147 1907 1242 1935 minus
1264 1908 1400 1935 accurate
1421 1914 1481 1934 rem
1503 1914 1617 1933 omnem
1640 1903 1813 1941 observarit,
1834 1906 1860 1934 is
1882 1904 1980 1935 forsan
2002 1907 2030 1936 in

497 1985 660 2016 Ecaudatis
695 1984 775 2014 illum
811 1985 927 2013 omnino
959 1981 1128 2018 desiderari,
1163 1981 1295 2020 solisque
1326 1979 1559 2009 Salamandrinis
1590 1980 1736 2018 proprium
1768 1988 1836 2008 esse
1868 1979 2031 2012 crediderit.

497 2060 586 2100 Quod
620 2065 715 2090 tamen
749 2058 837 2087 multo
869 2057 952 2086 aliter
973 2067 1005 2085 se
1027 2056 1142 2093 habere,
1164 2065 1199 2085 ex
1220 2057 1401 2085 accuratiore
1429 2064 1583 2083 nervorum
1609 2037 1824 2092 comparatione
1844 2053 1929 2084 facile
1950 2060 2032 2095 pate-

499 2136 550 2166 bit.
592 2135 715 2164 Ramum
739 2135 812 2163 euim
834 2132 994 2170 iugularem
1016 2133 1044 2161 in
1068 2130 1180 2160 Bulone
1202 2134 1262 2160 tres
1284 2131 1415 2159 emittere
1435 2138 1532 2158 ramos
1559 2138 1648 2168 supra
1679 2129 1878 2168 exposuimus,
1909 2140 2031 2170 quorum

661 2280 700 2310 (l)
721 2278 798 2304 Aliud
819 2276 896 2303 huius
916 2277 1065 2302 sententiae
1086 2278 1268 2309 argumentum
1289 2281 1323 2299 ex
1344 2272 1512 2308 cordylorum
1524 2273 1621 2308 prioris
1642 2272 1753 2299 familiae
1769 2274 1860 2300 nervis
1878 2276 2030 2301 accuratius

504 2332 695 2366 investigandis
725 2332 778 2366 peti
807 2334 908 2366 potest.
953 2330 980 2355 ln
1001 2329 1075 2355 hisce
1096 2328 1161 2354 enim
1181 2327 1296 2353 Facialis
1317 2326 1429 2353 nondum
1459 2327 1617 2352 coniunctus
1642 2327 1774 2352 invenitur
1792 2335 1850 2352 cum
1871 2327 2030 2361 Trigemino,

500 2386 663 2421 proprioque
683 2384 804 2419 gaudens
835 2383 969 2415 foramine,
998 2382 1108 2408 eosdem
1139 2388 1207 2415 quos
1236 2381 1260 2406 in
1288 2379 1461 2406 salamandra
1491 2383 1518 2405 et
1539 2379 1649 2406 Tritone
1677 2388 1711 2405 ex
1739 2388 1773 2405 eo
1803 2381 1898 2407 emittit
1919 2388 2031 2412 nervoS,

501 2447 598 2466 ramum
619 2437 763 2473 iugularem
782 2437 859 2470 (Tab.
875 2437 908 2464 11.
928 2436 978 2472 Fig
993 2435 1056 2467 ΙΙΙΙ.,
1077 2434 1104 2466 h)
1125 2438 1152 2460 et
1171 2441 1268 2460 ramum
1289 2433 1431 2467 palatinum
1451 2432 1531 2464 (Tab.
1546 2433 1579 2461 11.
1599 2433 1658 2468 Fig.
1672 2432 1739 2465 1111„
1761 2433 1798 2464 fi).
