2149 3261
816 269 898 314 2ss

89 401 171 439 alter,
193 403 289 441 priore
312 401 400 431 multo
422 403 544 437 tenuior,
567 405 726 431 extrorsum
749 411 783 432 se
806 405 948 432 convertit
964 403 1022 440 (l),
1046 407 1072 432 et
1099 402 1134 432 ad
1158 413 1191 432 os
1215 403 1362 432 maxillare
1388 405 1523 442 superius
1545 413 1625 433 acce-

89 479 161 508 dens
191 479 335 507 anteriora
369 479 448 516 petit.
491 477 549 514 Qui
582 487 667 515 quun»
700 476 746 506 fila
769 478 940 506 tenuissima
965 477 1103 506 nonnulla
1130 477 1200 507 illud
1223 488 1256 506 os
1279 478 1452 517 perforantia
1480 479 1508 507 in
1531 482 1626 508 cutem

89 554 196 590 emisit,
218 552 254 582 ad
276 553 412 581 annulum
437 552 654 590 cartilagineum
679 554 788 581 narium
813 550 935 587 accedit,
958 551 1056 591 ibique
1078 550 1182 582 linitur.

248 627 360 657 Ramus
383 626 541 656 maxillaris
565 628 699 666 superior
714 626 762 663 (2)
785 626 897 655 celatus
924 635 939 655 a
963 626 1096 655 musculo
1120 628 1308 656 masseterico
1330 631 1493 656 anlrorsuun
1518 632 1625 657 extror-

89 713 214 742 sumque
237 701 369 742 procedit
393 712 549 741 ramosque
572 701 646 731 duos
670 706 773 730 tenues
795 702 900 730 emillit
917 701 963 738 (3)
986 703 1013 730 in
1038 705 1113 739 cute,
1135 712 1191 741 qua
1214 701 1289 731 oculi
1313 701 1419 731 bulbus
1441 707 1559 732 externe
1582 709 1626 732 est

88 784 196 815 tectus,
219 787 252 807 se
277 787 472 816 expansuros,
509 776 615 816 quilius
637 775 722 805 edilis
745 777 808 815 ipse
830 775 901 805 infra
924 776 1038 806 oculum
1064 787 1098 806 se
1121 778 1264 807 convertit
1286 781 1314 807 et
1337 777 1450 814 (ramus
1471 778 1627 808 alveolaris

85 853 233 892 superior)
257 854 284 881 in
308 852 437 882 canalem
461 861 578 880 osseum
604 850 739 879 maxillae
762 853 922 890 superioris
948 853 1034 882 intrat
1050 852 1107 890 (4).
1150 852 1218 890 Quo
1250 855 1278 882 in
1305 852 1398 882 canali
1422 853 1554 883 inclusus
1577 863 1626 883 us·

84 938 140 967 que
162 928 198 957 ad
220 929 331 966 apicem
355 928 417 956 nasi
441 925 634 965 progreditur,
657 928 684 955 in
708 931 775 955 onte
797 928 891 966 ipsius
914 926 1067 958 liniendus,

244 1002 356 1032 Ramus
378 1001 536 1031 maxillaris
558 1001 674 1031 inferior
691 1001 738 1039 (5)
761 1001 796 1031 ad
820 1003 947 1031 exterius
981 1008 1009 1032 et
1042 1002 1161 1032 inferius
1184 1002 1367 1034 descendens
1391 1013 1498 1033 ramum
1521 1005 1624 1033 emittit

83 1081 111 1109 in
135 1078 297 1109 musculum
321 1078 539 1107 massetericnm
558 1076 615 1113 (6),
648 1076 762 1112 deinde,
795 1077 830 1106 ad
855 1078 999 1107 maxillam
1023 1078 1184 1107 inferiorem
1208 1088 1383 1117 progressus
1404 1078 1524 1108 eandem
1547 1089 1623 1108 nuuc

86 1154 201 1184 exhibet
222 1155 348 1192 speciem
372 1162 456 1192 quau»
490 1154 517 1181 in
541 1151 733 1182 Salamandra
767 1157 796 1182 et
819 1153 949 1185 Tritone.
992 1152 1023 1183 ln
1058 1155 1122 1192 ipso
1151 1155 1227 1183 enirn
1250 1163 1320 1183 osse
1342 1153 1474 1183 inclusus
1496 1156 1524 1183 in
1547 1153 1622 1184 duos

80 1228 217 1259 dividitur
239 1238 360 1264 nervos,
397 1237 516 1267 quorum
540 1227 613 1257 alter
636 1227 747 1264 (ramus
773 1227 932 1258 alveolaris
962 1228 1091 1265 inferior)
1125 1230 1152 1258 iu
1186 1229 1278 1259 canali
1313 1229 1447 1259 maxillae
1478 1229 1623 1259 inferioris

80 1305 116 1334 ad
138 1306 267 1333 anterius
294 1313 386 1342 usque
409 1302 446 1331 ad
469 1305 556 1331 menti
579 1305 691 1341 apicem
713 1303 854 1342 procedit,
877 1305 995 1343 entique
1011 1303 1155 1333 maxillam
1179 1306 1287 1344 tegenti
1310 1314 1417 1334 nervos
1439 1304 1622 1343 suppeditat;

79 1381 152 1410 alter
172 1378 209 1408 ad
233 1378 351 1407 inferius
374 1376 528 1407 descendit
550 1381 579 1406 et
602 1379 629 1406 in
653 1378 788 1407 musculo
812 1377 1015 1417 mylobyoideo
1039 1377 1218 1417 expanditur.

237 1451 404 1482 Facialis
421 1451 477 1488 (7),
491 1453 538 1490 qui
555 1453 641 1480 etiam
665 1454 692 1481 in
716 1452 856 1486 Caecilia,
870 1454 946 1482 sicut
968 1456 996 1482 iu
1021 1452 1225 1490 Salamandra,
1249 1453 1379 1489 Tritone,
1402 1453 1621 1494 Hypochtlione,

79 1531 152 1561 liber
173 1539 208 1558 ac
229 1530 381 1558 seiunctus
404 1530 450 1556 est
469 1536 586 1562 itervm,
609 1536 702 1566 nequo
725 1537 788 1557 cum
812 1526 992 1565 Trigemino‚
1014 1531 1045 1556 ut
1068 1529 1096 1556 in
1119 1526 1280 1557 Ecaudatis
1303 1530 1488 1565 coniunctus,
1516 1530 1620 1559 nihilo-

78 1608 174 1636 minus
196 1602 313 1643 aliquod
336 1602 451 1632 exhibet
474 1601 648 1639 discrimen,
682 1613 739 1640 quo
772 1602 808 1632 ab
841 1602 899 1632 illis
922 1601 1056 1632 recedat:
1091 1612 1171 1631 ramo
1201 1604 1333 1632 nimirum
1356 1603 1484 1642 palatino
1506 1614 1620 1641 carens,

77 1691 160 1721 quem
185 1680 260 1709 omni
283 1677 412 1707 adhibita
435 1686 501 1706 cura
525 1678 655 1706 invenire
678 1688 734 1707 non
758 1679 847 1716 potui.
890 1677 978 1714 Sola,
1015 1687 1071 1717 qua
1107 1687 1215 1706 nervus
1238 1676 1368 1707 Facialis
1395 1678 1481 1708 huius
1503 1682 1619 1716 generis

76 1757 189 1788 formari
224 1753 338 1784 videtur
369 1763 436 1792 pars
459 1756 505 1782 est
527 1762 626 1781 ramus
649 1753 790 1791 iugulatis
806 1752 868 1791 (S),
904 1754 952 1792 qui
986 1754 1013 1782 in
1048 1754 1211 1792 posteriore
1234 1753 1324 1782 cranii
1348 1752 1437 1782 latere
1463 1754 1537 1783 inter
1559 1765 1619 1784 mu·

76 1835 175 1867 sculos
197 1829 373 1861 abductores
396 1830 501 1867 capitis
523 1827 559 1857 ad
583 1832 772 1868 conspectum
797 1830 875 1858 venit
888 1832 916 1858 et
939 1832 998 1858 tres
1021 1827 1165 1866 extemplo
1179 1827 1363 1857 editrmnos:
1381 1837 1467 1858 unum
1480 1831 1617 1859 tenuissi-

76 1950 286 1963 s

233 2067 271 2099 (l)
292 2064 350 2098 Fig.
372 2065 396 2094 2,
415 2071 442 2097 γ,

232 2121 271 2153 (2)
292 2118 350 2152 Fig.
370 2118 394 2148 2,
416 2116 441 2142 b.

232 2173 271 2206 (3)
293 2171 351 2205 Fig.
372 2171 397 2202 2,
418 2179 443 2203 η,
464 2179 488 2195 κ.

233 2227 272 2258 (4)
293 2224 351 2259 Fig.
372 2225 397 2255 2,
418 2224 470 2250 bb.

233 2281 272 2312 (5)
295 2277 352 2312 Fig.
374 2279 398 2309 2,
419 2286 442 2304 e.

231 2333 270 2365 (G)
291 2332 350 2366 Fig.
370 2332 394 2362 2,
416 2330 442 2358 λ.

231 2387 270 2417 (7)
290 2385 349 2420 Fig.
369 2387 393 2415 2.
415 2387 440 2413 7.

232 2440 271 2470 (8)
291 2438 350 2473 Fig.
370 2439 394 2468 ⁴2.
416 2446 441 2472 g.
