2149 3261
827 257 907 303 15

101 391 166 419 stici
191 391 328 427 originem
352 392 378 419 in
402 389 504 419 oculos
527 391 646 419 incurrit
667 390 723 419 alia
747 400 834 429 parva
858 390 939 420 radix
960 391 1058 430 paullo
1094 395 1160 421 aute
1194 396 1222 421 et
1244 391 1314 421 infra
1347 392 1423 423 illam
1452 402 1486 422 ex
1508 393 1633 424 medulla

97 464 254 503 oblongata
279 467 376 494 oriens
392 465 450 503 (l),
475 475 538 494 mox
560 468 654 494 tamen
678 475 740 494 cuin
765 468 829 505 ipso
851 466 994 495 Acustico
1017 466 1198 497 coalescens.
1231 466 1288 505 Qui
1312 478 1396 506 quum
1413 478 1464 507 par
1478 471 1632 508 septimum

98 550 212 580 quoque
235 540 367 577 (nervum
391 542 521 569 nimirum
545 540 622 569 illum
646 540 682 569 ad
700 540 896 578 Trigeminum
919 540 1017 579 paullo
1041 543 1108 578 post
1130 541 1283 578 emissum)
1307 545 1462 580 contineat,
1483 543 1550 583 quid
1574 546 1632 574 veri

97 617 194 654 possit
215 625 284 645 esse
306 615 445 651 similius,
478 625 561 654 quam
595 614 674 656 quod
707 617 795 645 minor
827 615 875 644 illa
909 613 1028 644 duarum
1051 615 1186 645 Acustici
1207 615 1335 645 radicum
1358 616 1394 646 ad
1417 617 1563 648 Facialem
1586 623 1632 649 est

94 689 263 722 referenda?

253 766 280 794 A
303 766 450 803 proposito
473 768 567 794 autem
592 768 693 794 nostro
717 765 786 793 licet
807 764 975 802 abhorreat,
1012 767 1110 802 trium,
1146 769 1193 806 qui
1227 777 1336 804 organa
1359 777 1498 797 sensuum
1522 770 1629 799 instru-

95 846 156 877 unt,
179 850 329 870 nervorum
353 839 487 869 exhibere
510 838 733 877 descriptiones,
767 838 862 870 faeere
884 844 980 870 tamen
1003 851 1060 871 non
1084 851 1256 881 possumus,
1279 844 1347 882 quin
1370 842 1555 872 subtilissimi
1591 843 1628 873 fili

94 915 234 946 faciamus
258 917 442 951 mentionem,
476 913 553 953 quod
586 924 648 943 cum
672 915 815 945 Acustico
849 915 1015 945 conditione
1048 916 1170 956 quadam
1203 927 1272 947 esse
1304 920 1486 948 coniunctum
1509 917 1630 949 videtur.

98 990 240 1020 Nascitur
261 989 331 1019 illud
347 989 396 1027 (2)
418 989 515 1027 paullo
537 994 604 1018 aute
627 991 706 1029 paris
740 992 814 1020 sexti
847 992 986 1029 originem
1009 1001 1043 1021 ex
1067 991 1142 1022 linea
1164 992 1214 1022 illa
1236 992 1329 1022 media
1351 993 1552 1031 longitudinali
1575 1003 1630 1032 qua

94 1064 218 1095 medulla
243 1064 399 1103 oblongaia
423 1066 450 1094 in
475 1064 548 1093 duas
572 1064 708 1094 dividitur
730 1070 837 1105 partes,
870 1066 961 1095 tendit
982 1066 1090 1096 deinde
1111 1067 1148 1097 ad
1171 1070 1307 1105 exterius,
1336 1073 1364 1097 et
1386 1079 1505 1098 nervum
1529 1068 1629 1099 Abdu-

91 1145 201 1170 centem
224 1138 454 1169 transscendens
477 1137 512 1169 ad
540 1140 712 1169 Acusucum
736 1140 861 1177 accedit,
895 1151 1019 1180 quocum
1044 1142 1183 1181 parallele
1214 1142 1387 1183 procedens,
1418 1145 1570 1183 ipsumque
1592 1144 1628 1174 ab

88 1215 220 1245 inferiore
252 1225 386 1254 premens
410 1224 502 1253 usque
533 1213 568 1243 ad
592 1214 745 1253 labyrinthi
769 1216 918 1255 capsulam
949 1217 1138 1256 progreditur.
1180 1218 1300 1248 Summa
1324 1219 1410 1248 huius
1433 1219 1472 1249 fili
1495 1221 1622 1249 tenuitas

90 1301 135 1320 me
157 1290 312 1329 prohibuit,
345 1292 500 1329 quominus
534 1290 664 1320 ultimum
698 1293 791 1331 ipsius
824 1302 970 1322 cernerem
994 1292 1088 1325 finem.
1131 1293 1255 1324 Silentio
1278 1299 1372 1324 tamen
1407 1294 1478 1324 illud
1501 1298 1627 1334 praeter-

89 1367 202 1394 mittere
225 1365 314 1394 nolui.
337 1384 373 1389 —

249 1438 338 1468 Nervi
362 1437 469 1476 Vagi,
505 1440 553 1476 qui
587 1441 615 1467 in
648 1440 795 1478 plerisque
817 1440 982 1471 Batracbiis
1013 1443 1145 1481 pluribus
1178 1446 1357 1482 componitur
1386 1444 1562 1482 originibun,
1598 1446 1626 1473 in

88 1514 162 1555 Pipa
185 1513 336 1552 dorsigera
358 1518 417 1543 tres
440 1511 580 1550 distingui
603 1517 729 1552 possunt
750 1514 863 1544 radices
879 1516 941 1553 (3),
978 1526 1095 1556 quarum
1120 1516 1209 1555 duae,
1243 1528 1317 1557 quae
1339 1518 1402 1548 basi
1426 1519 1536 1549 cerebri
1557 1523 1627 1548 suut

89 1592 235 1630 proximae
258 1591 358 1618 iterum
382 1588 497 1618 duabus
520 1589 679 1618 minoribus
702 1594 919 1629 componuntur.
957 1591 1046 1621 Hisce
1068 1594 1193 1631 quinque
1222 1592 1369 1623 distinctis
1392 1593 1541 1624 radicibus
1563 1604 1626 1623 ner-

90 1675 144 1695 vus
167 1664 303 1695 formatur
326 1665 401 1694 satis
424 1664 549 1703 amplus,
571 1665 618 1703 qui
641 1663 678 1693 ad
701 1667 827 1695 exterius
849 1670 877 1695 et
899 1666 1017 1696 inferius
1040 1666 1139 1703 flexus,
1161 1669 1189 1696 in
1213 1669 1279 1706 ipso
1313 1667 1407 1697 adhuc
1440 1669 1545 1707 canali,
1575 1679 1626 1709 per

93 1751 177 1780 quem
200 1750 216 1769 e
239 1741 337 1769 cranio
359 1738 506 1777 egreditur
527 1737 563 1768 ad
586 1739 723 1777 gangiion
747 1739 830 1769 facile
852 1740 1089 1780 distinguendum
1110 1745 1287 1775 intumescit.

251 1814 353 1844 Paullo
377 1814 448 1844 inl'ra
470 1816 549 1844 nervi
573 1813 648 1852 Vagi
672 1817 812 1853 originem
841 1826 998 1857 parumque
1020 1828 1035 1847 a
1060 1817 1202 1847 medullae
1229 1818 1403 1856 oblongatae
1430 1820 1558 1856 margine
1580 1829 1624 1847 re-

91 1895 187 1920 motus
211 1900 317 1919 nervus
350 1891 482 1919 nascitur
515 1892 627 1926 tenuis,
665 1893 742 1919 omni
774 1892 892 1929 ganglio
926 1902 1028 1922 carens
1044 1893 1101 1929 (4).
1144 1893 1238 1930 Quem
1262 1892 1376 1931 quidem
1400 1903 1518 1923 nervum
1540 1893 1625 1923 facile

90 1967 196 2005 aliquis
219 1964 373 2003 analogiae
397 1975 461 1994 cum
485 1967 590 1994 ceteris
617 1965 778 1995 Batrachiis
801 1976 907 1996 caussa
933 1967 1113 2006 Hypoglossi
1145 1968 1271 1998 radicem
1304 1978 1372 1998 esse
1403 1969 1498 2008 possit
1528 1970 1624 2008 suspi-

88 2044 157 2078 cari,
189 2042 352 2070 accuratior
384 2044 479 2069 tamen
513 2042 607 2079 ipsius
636 2043 824 2079 investigatio
857 2043 941 2072 aliam
965 2045 1020 2083 ipsi
1043 2043 1222 2073 tribuendam
1246 2054 1314 2074 esse
1335 2048 1465 2074 naturam
1487 2044 1624 2076 ostendit.

89 2118 186 2157 Quum
209 2118 283 2146 euim
307 2115 528 2155 Hypoglossum
553 2116 669 2146 duobus
700 2120 787 2147 ramis
822 2118 922 2158 plexus
945 2118 1101 2149 bracbialis
1123 2119 1239 2149 formari
1262 2120 1360 2159 paullo
1381 2120 1451 2150 infra
1475 2121 1514 2149 sit
1536 2130 1622 2159 expo-

247 2266 286 2296 (ι)
306 2262 364 2297 Fig.
386 2264 409 2294 1,
430 2270 452 2289 ε.

248 2318 287 2349 (2)
308 2317 366 2352 Fig.
388 2318 411 2345 l.
433 2314 457 2349 ξ.

249 2371 287 2402 (3)
308 2371 374 2399 Tab.
397 2371 428 2399 ll.
461 2371 519 2406 fig.
542 2370 564 2400 l,
584 2368 611 2405 β,
629 2379 654 2406 y,
677 2367 701 2397 δ.

249 2425 288 2455 (⁴)
308 2424 373 2453 Τὼ,
395 2424 426 2453 u.
458 2425 517 2460 Fig.
540 2424 562 2456 1,
585 2425 625 2450 ιι.
