2149 3261
819 297 898 342 11

97 430 174 458 eirca
197 438 286 458 cornu
309 432 459 468 posterius
482 432 561 458 ossis
584 429 700 468 liyoidei
722 439 791 460 arcu
813 430 935 460 reflexus
957 430 992 460 ad
1015 432 1164 461 musculos
1187 432 1315 471 laryngis
1337 432 1450 462 accedit
1471 433 1507 470 (r.
1529 442 1628 463 recur-

96 505 186 541 rens).
210 523 244 529 --
270 505 386 542 Quibus
411 506 508 534 nervis
531 504 618 534 editis
641 515 738 534 ramus
762 505 938 535 intestinnlis
962 506 1113 535 musculos
1129 516 1348 545 compressores
1370 508 1508 548 scapulae
1531 513 1626 538 trans>

93 579 220 616 accendit,
243 579 374 619 duosque
397 579 493 609 denuo
517 582 623 609 emittit
645 591 753 617 ramos,
781 580 900 610 alterum
926 580 1045 610 levaturi
1068 581 1207 620 scapulae
1230 581 1374 611 inferioris
1396 592 1502 612 nervos
1524 592 1630 622 suppe-

95 654 244 692 ditantem,
266 656 386 685 alterum
408 655 527 685 sormam
551 658 624 685 satis
647 656 823 692 singularem
847 655 1058 687 ostendentem.
1101 654 1270 686 Musculum
1298 656 1531 695 stylohyoideum
1553 659 1628 687 enim

94 733 284 770 posteriorem
307 732 332 760 is
355 735 574 769 transgressus,
611 734 704 770 ipsum
727 730 803 759 hunc
824 731 988 760 musculum
1011 733 1127 760 instruit
1149 733 1264 769 nervis,
1296 731 1411 769 deinde,
1432 733 1572 762 ramulum
1594 733 1631 762 ab

95 806 284 845 Hypoglosso
307 805 414 835 editum
437 806 523 842 (infra
546 816 610 835 eum
632 804 872 843 describendum)
895 807 1054 845 excipiens,
1077 816 1140 836 cum
1163 809 1230 846 ipso
1254 807 1309 837 hoc
1324 807 1434 837 ramulo
1457 809 1630 838 coniunctus

93 881 130 911 ad
152 881 272 911 iuferius
294 880 456 917 descendit,
489 890 554 910 cum
576 880 768 920 Hypoglosso
790 883 855 921 ipso
883 892 917 911 se
940 867 1161 911 coniuncturus.
1185 901 1221 906 -—
1244 881 1312 921 lpse
1334 892 1432 912 ramus
1453 882 1631 912 intestinalis

94 958 233 986 continuo
255 958 418 996 posteriora
440 960 543 995 petens
571 967 678 986 ramum
713 957 798 986 valde
829 957 954 996 amplum
988 956 1047 987 edit
1081 967 1144 986 cnm
1170 957 1360 997 Hypoglosso
1393 967 1427 987 se
1459 959 1631 987 coniunctu-

89 1042 149 1062 rum
165 1032 223 1070 (l),
256 1031 360 1062 deinde
381 1031 437 1061 suh
458 1031 524 1068 hoc,
557 1042 640 1071 quem
663 1032 748 1061 modo
771 1033 932 1068 nominavi,
966 1043 1055 1061 ncrvo
1079 1043 1248 1071 permeans,
1284 1033 1321 1062 ad
1347 1043 1464 1072 parvum
1487 1032 1623 1071 ganglion

93 1109 273 1144 intumescit,
309 1117 344 1136 ex
365 1117 423 1146 quo
445 1107 609 1146 complures
632 1106 775 1146 prodeunt
804 1109 899 1144 nervi,
935 1107 1142 1147 pericardimn,
1177 1108 1346 1147 pulmones,
1383 1107 1580 1147 oesophagum
1603 1111 1632 1136 et

89 1183 271 1213 stomachum
295 1182 443 1212 fasciculis
465 1184 528 1212 suis
551 1185 742 1214 instruentes,

252 1258 513 1297 Hypoglossus
547 1258 602 1287 sub
626 1258 766 1287 musculis
799 1257 1051 1297 compressoribus
1081 1258 1220 1298 scapulae
1243 1259 1324 1288 initio
1345 1260 1462 1296 positus
1484 1257 1632 1287 musculos

93 1332 272 1362 abductores
296 1334 401 1372 capitis
423 1335 541 1362 instruit
563 1336 676 1369 nervis,
707 1334 854 1371 aliumque
877 1335 975 1362 statim
1003 1333 1064 1362 edit
1085 1333 1310 1364 subtilissimum
1334 1344 1467 1370 nervum,
1499 1336 1545 1372 qui
1569 1343 1631 1363 cum

94 1408 206 1437 ramulo
229 1408 279 1436 illo
300 1417 316 1436 a
341 1406 426 1445 Vago
449 1410 575 1443 emisso,
611 1418 695 1446 quem
719 1417 807 1446 supra
831 1407 991 1445 descripsi,
1026 1417 1094 1436 sese
1117 1409 1277 1446 coniungit,
1313 1414 1341 1437 et
1366 1408 1461 1438 denuo
1485 1418 1548 1438 mox
1569 1419 1632 1438 cum

93 1485 159 1523 ipso
180 1493 215 1512 ex
237 1492 293 1522 quo
315 1487 397 1511 ortus
419 1486 482 1511 erat
511 1492 600 1511 nervo
624 1482 775 1512 coalescit.
819 1482 887 1519 Quo
911 1491 998 1510 nervo
1020 1483 1129 1510 emisso
1153 1482 1360 1521 Hypoglossus
1393 1482 1428 1512 ad
1451 1485 1577 1513 exterius
1599 1493 1632 1513 se

93 1560 250 1594 convertit,
290 1567 408 1586 nervum
431 1556 547 1595 Vagum
572 1557 788 1593 transscendit,
824 1567 962 1595 ramoque
995 1557 1045 1585 illo
1079 1559 1153 1586 satis
1186 1557 1283 1596 amplo
1316 1561 1436 1597 excepto
1452 1558 1492 1594 (ἓ)
1516 1567 1531 1587 a
1553 1567 1632 1587 ramo

95 1632 255 1664 intestinali
277 1632 366 1669 edito,
389 1642 453 1661 cum
476 1633 569 1662 altero
592 1632 642 1661 illo
666 1642 731 1661 mox
754 1642 787 1660 se
810 1633 956 1669 coniungit
982 1642 1080 1668 nervo,
1104 1633 1151 1670 qui
1175 1631 1254 1660 fibris
1276 1632 1534 1670 Hypoglossicum
1556 1632 1633 1671 vagi

93 1708 247 1740 (asciculis
270 1709 435 1737 coniunctis
457 1707 604 1738 formatur.
647 1706 714 1745 Quo
747 1707 825 1736 facto
860 1717 967 1736 nervus
1000 1711 1100 1735 noster
1131 1706 1167 1735 ad
1190 1708 1321 1736 anterius
1343 1707 1474 1746 procedit
1496 1712 1523 1736 et
1546 1718 1633 1748 prope

94 1784 130 1815 ad
153 1794 263 1814 ramum
286 1783 442 1821 liugualem
468 1782 739 1821 Glossopharyugei
772 1782 916 1812 accedens
939 1786 1101 1811 ann-orsum
1129 1782 1319 1821 progreditur.
1361 1782 1480 1812 Mediae
1503 1786 1634 1822 corporis

94 1862 169 1901 parti
192 1861 286 1897 magis
309 1861 489 1897 propinquus
513 1858 646 1892 eundem,
668 1868 751 1896 quem
775 1858 832 1894 ille,
859 1858 926 1887 lacit
949 1868 1046 1887 arcum
1072 1860 1148 1887 circa
1171 1857 1357 1896 pharyngem,
1380 1862 1409 1886 et
1430 1868 1504 1894 mox,
1526 1862 1634 1897 partem

94 1942 243 1966 externam
267 1934 389 1964 musculi
419 1932 625 1971 geniobyoidei
659 1933 900 1969 transscendens,
936 1935 1081 1971 ramisque
1114 1932 1245 1968 duobus,
1282 1933 1374 1961 altero
1406 1931 1442 1961 ad
1471 1933 1632 1962 nmsculum

94 2009 370 2049 sternohyoideum‚
405 2009 497 2038 altero
530 2008 567 2038 ad
600 2011 759 2047 portionem
792 2009 869 2037 illam
894 2013 1038 2037 externam
1064 2009 1186 2037 musculi
1209 2007 1414 2047 geniohyoidei
1437 2009 1569 2044 emissis,
1604 2010 1632 2037 in

96 2088 170 2116 (luas
193 2085 330 2115 dividitur
365 2088 473 2124 partes.
515 2084 645 2122 Quarum
668 2084 757 2114 attera
781 2083 816 2113 ad
839 2085 961 2113 interius
993 2083 1129 2120 flectitur,
1167 2083 1323 2122 paullulum
1356 2082 1391 2112 ad
1414 2085 1560 2122 posterius
1589 2093 1634 2112 re-

95 2199 230 2227 instruat).
251 2196 320 2222 haud
341 2204 437 2230 magno
458 2197 513 2221 iure
535 2196 584 2230 ipsi
605 2196 756 2230 impositum
779 2195 908 2226 videatur,
930 2199 1025 2226 tamen=
1047 2195 1201 2221 autoritatis
1221 2195 1313 2221 summi
1334 2195 1380 2220 viri
1391 2195 1485 2228 gratia,
1511 2194 1588 2220 etiam
1610 2195 1634 2219 in

97 2255 233 2286 posterum
253 2258 360 2284 semper
380 2248 562 2276 retinebimus.

255 2305 293 2336 (l)
314 2303 398 2330 Valde
419 2303 578 2337 singularem
599 2301 640 2328 hic
661 2310 758 2331 ramus,
785 2310 862 2336 quem
885 2303 909 2327 in
930 2301 997 2328 nulla
1027 2301 1078 2327 alia
1099 2300 1300 2327 Batra‹.·hiorum
1319 2301 1411 2335 specie
1440 2299 1493 2325 vidi
1513 2300 1634 2325 ostendit

94 2361 213 2388 tunnam,
234 2366 267 2383 ex
287 2366 339 2391 qua
359 2356 427 2382 haud
450 2356 540 2390 possis
561 2355 722 2387 discernere,
744 2358 830 2381 utrum
851 2355 942 2389 Vagus
963 2355 995 2380 ab
1017 2354 1193 2390 Hypoglosso
1213 2355 1339 2381 emissum
1369 2361 1427 2379 eum
1447 2354 1571 2387 excipiat,
1601 2361 1634 2379 an

97 2412 138 2437 hic
158 2411 190 2437 ab
212 2410 265 2438 illo.
305 2410 382 2444 Quid.
404 2411 475 2444 quod
497 2411 575 2435 eriam
595 2409 706 2435 alterum
727 2417 808 2444 supra
829 2409 993 2444 descriptum
1013 2417 1121 2435 nervum
1141 2417 1156 2435 a
1176 2416 1248 2435 ramo
1269 2407 1411 2435 intestinali
1426 2407 1460 2433 ad
1479 2406 1632 2442 llypoglos-

94 2473 153 2491 sum
174 2465 298 2491 emissum
319 2465 343 2490 iu
363 2463 422 2490 solo
444 2463 547 2489 Rusone
567 2463 709 2497 palmarum
729 2463 836 2492 inveni?

1389 2505 1420 2522 οε
