<?xml version="1.0" encoding="UTF-8"?>
<!DOCTYPE html PUBLIC "-//W3C//DTD XHTML 1.0 Transitional//EN"
    "http://www.w3.org/TR/xhtml1/DTD/xhtml1-transitional.dtd">
<html xmlns="http://www.w3.org/1999/xhtml" xml:lang="en" lang="en">
 <head>
  <title>
</title>
<meta http-equiv="Content-Type" content="text/html;charset=utf-8" />
  <meta name='ocr-system' content='tesseract 3.04.00' />
  <meta name='ocr-capabilities' content='ocr_page ocr_carea ocr_par ocr_line ocrx_word'/>
</head>
<body>
  <div class='ocr_page' id='page_1' title='image "./amphibiorumnudor00fisc_0071.png"; bbox 0 0 2149 3261; ppageno 0'>
   <div class='ocr_carea' id='block_1_1' title="bbox 825 279 912 325">
    <p class='ocr_par' dir='ltr' id='par_1_1' title="bbox 825 279 912 325">
     <span class='ocr_line' id='line_1_1' title="bbox 825 279 912 325; baseline -0.011 0"><span class='ocrx_word' id='word_1_1' title='bbox 825 279 912 325; x_wconf 74' lang='lat'>63</span> 
     </span>
    </p>
   </div>
   <div class='ocr_carea' id='block_1_2' title="bbox 101 409 1637 1352">
    <p class='ocr_par' dir='ltr' id='par_1_2' title="bbox 107 409 1637 597">
     <span class='ocr_line' id='line_1_2' title="bbox 107 409 1637 452; baseline 0.008 -16"><span class='ocrx_word' id='word_1_2' title='bbox 107 411 255 445; x_wconf 78' lang='lat' dir='ltr'>gumento,</span> <span class='ocrx_word' id='word_1_3' title='bbox 286 418 360 448; x_wconf 85' lang='lat' dir='ltr'>quae</span> <span class='ocrx_word' id='word_1_4' title='bbox 393 419 512 439; x_wconf 84' lang='lat' dir='ltr'>nervum</span> <span class='ocrx_word' id='word_1_5' title='bbox 547 409 693 440; x_wconf 74' lang='lat' dir='ltr'>lateralem</span> <span class='ocrx_word' id='word_1_6' title='bbox 727 410 769 448; x_wconf 92' lang='lat' dir='ltr'>(in</span> <span class='ocrx_word' id='word_1_7' title='bbox 803 410 875 451; x_wconf 79' lang='lat' dir='ltr'>Pipa</span> <span class='ocrx_word' id='word_1_8' title='bbox 903 422 937 442; x_wconf 84' lang='lat' dir='ltr'>ex</span> <span class='ocrx_word' id='word_1_9' title='bbox 960 411 1046 452; x_wconf 85' lang='lat' dir='ltr'>Vago</span> <span class='ocrx_word' id='word_1_10' title='bbox 1069 415 1225 452; x_wconf 80' lang='lat' dir='ltr'>orientem)</span> <span class='ocrx_word' id='word_1_11' title='bbox 1247 425 1355 446; x_wconf 86' lang='lat' dir='ltr'>ramum</span> <span class='ocrx_word' id='word_1_12' title='bbox 1378 418 1547 448; x_wconf 84' lang='lat' dir='ltr'>Accessorii</span> <span class='ocrx_word' id='word_1_13' title='bbox 1570 429 1637 450; x_wconf 78' lang='lat' dir='ltr'>esse</span> 
     </span>
     <span class='ocr_line' id='line_1_3' title="bbox 108 487 262 521; baseline 0.026 -10"><span class='ocrx_word' id='word_1_14' title='bbox 108 487 205 521; x_wconf 79' lang='lat' dir='ltr'>negat.</span> <span class='ocrx_word' id='word_1_15' title='bbox 227 502 262 508; x_wconf 91' lang='lat'>—</span> 
     </span>
     <span class='ocr_line' id='line_1_4' title="bbox 829 560 923 597; baseline 0 -6"><span class='ocrx_word' id='word_1_16' title='bbox 829 560 854 597; x_wconf 63' lang='grc' dir='ltr'>ἕ.</span> <span class='ocrx_word' id='word_1_17' title='bbox 895 561 923 591; x_wconf 85' lang='grc'>6.</span> 
     </span>
    </p>

    <p class='ocr_par' dir='ltr' id='par_1_3' title="bbox 101 633 1636 1352">
     <span class='ocr_line' id='line_1_5' title="bbox 263 633 1636 680; baseline 0.007 -17"><span class='ocrx_word' id='word_1_18' title='bbox 263 633 371 664; x_wconf 83' lang='lat' dir='ltr'>Nullus</span> <span class='ocrx_word' id='word_1_19' title='bbox 402 637 498 663; x_wconf 81' lang='lat' dir='ltr'>autem</span> <span class='ocrx_word' id='word_1_20' title='bbox 530 635 654 664; x_wconf 88' lang='lat' dir='ltr'>omnium</span> <span class='ocrx_word' id='word_1_21' title='bbox 688 644 839 664; x_wconf 84' lang='lat' dir='ltr'>nervorum</span> <span class='ocrx_word' id='word_1_22' title='bbox 872 634 1062 665; x_wconf 80' lang='lat' dir='ltr'>cerebraliuni</span> <span class='ocrx_word' id='word_1_23' title='bbox 1089 640 1197 666; x_wconf 81' lang='lat' dir='ltr'>tantam</span> <span class='ocrx_word' id='word_1_24' title='bbox 1222 639 1249 667; x_wconf 95' lang='lat' dir='ltr'>in</span> <span class='ocrx_word' id='word_1_25' title='bbox 1271 638 1396 677; x_wconf 80' lang='lat' dir='ltr'>singulis</span> <span class='ocrx_word' id='word_1_26' title='bbox 1417 641 1636 680; x_wconf 85' lang='lat' dir='ltr'>Amphibiorum</span> 
     </span>
     <span class='ocr_line' id='line_1_6' title="bbox 108 706 1635 756; baseline 0.007 -20"><span class='ocrx_word' id='word_1_27' title='bbox 108 706 248 737; x_wconf 88' lang='lat' dir='ltr'>nudorum</span> <span class='ocrx_word' id='word_1_28' title='bbox 271 707 428 746; x_wconf 83' lang='lat' dir='ltr'>generibus</span> <span class='ocrx_word' id='word_1_29' title='bbox 451 707 580 738; x_wconf 77' lang='lat' dir='ltr'>ostendit</span> <span class='ocrx_word' id='word_1_30' title='bbox 602 708 754 738; x_wconf 77' lang='lat' dir='ltr'>formarum</span> <span class='ocrx_word' id='word_1_31' title='bbox 777 707 977 747; x_wconf 86' lang='lat' dir='ltr'>differentiam,</span> <span class='ocrx_word' id='word_1_32' title='bbox 999 715 1134 749; x_wconf 83' lang='lat' dir='ltr'>quantam</span> <span class='ocrx_word' id='word_1_33' title='bbox 1159 711 1431 751; x_wconf 73' lang='lat' dir='ltr'>llypogtossus,</span> <span class='ocrx_word' id='word_1_34' title='bbox 1453 718 1500 754; x_wconf 93' lang='lat' dir='ltr'>qui</span> <span class='ocrx_word' id='word_1_35' title='bbox 1522 715 1635 756; x_wconf 85' lang='lat' dir='ltr'>quidem</span> 
     </span>
     <span class='ocr_line' id='line_1_7' title="bbox 106 782 1633 826; baseline 0.006 -15"><span class='ocrx_word' id='word_1_36' title='bbox 106 792 247 822; x_wconf 84' lang='lat' dir='ltr'>nusquam</span> <span class='ocrx_word' id='word_1_37' title='bbox 279 792 310 812; x_wconf 91' lang='lat' dir='ltr'>re</span> <span class='ocrx_word' id='word_1_38' title='bbox 341 793 408 812; x_wconf 79' lang='lat' dir='ltr'>vera</span> <span class='ocrx_word' id='word_1_39' title='bbox 441 793 474 812; x_wconf 82' lang='lat' dir='ltr'>ex</span> <span class='ocrx_word' id='word_1_40' title='bbox 506 782 625 812; x_wconf 80' lang='lat' dir='ltr'>cerebro</span> <span class='ocrx_word' id='word_1_41' title='bbox 658 784 760 820; x_wconf 84' lang='lat' dir='ltr'>oritur,</span> <span class='ocrx_word' id='word_1_42' title='bbox 778 782 831 812; x_wconf 90' lang='lat' dir='ltr'>sed</span> <span class='ocrx_word' id='word_1_43' title='bbox 854 783 961 824; x_wconf 86' lang='lat' dir='ltr'>ubique</span> <span class='ocrx_word' id='word_1_44' title='bbox 982 795 997 814; x_wconf 87' lang='lat' dir='ltr'>a</span> <span class='ocrx_word' id='word_1_45' title='bbox 1021 788 1118 815; x_wconf 75' lang='lat' dir='ltr'>nervIs</span> <span class='ocrx_word' id='word_1_46' title='bbox 1140 787 1304 826; x_wconf 80' lang='lat' dir='ltr'>spinalibus</span> <span class='ocrx_word' id='word_1_47' title='bbox 1326 790 1474 821; x_wconf 70' lang='lat' dir='ltr'>emittitur.</span> <span class='ocrx_word' id='word_1_48' title='bbox 1518 789 1550 819; x_wconf 86' lang='lat' dir='ltr'>ln</span> <span class='ocrx_word' id='word_1_49' title='bbox 1573 790 1633 820; x_wconf 86' lang='lat' dir='ltr'>Bu-</span> 
     </span>
     <span class='ocr_line' id='line_1_8' title="bbox 103 855 1626 901; baseline 0.006 -15"><span class='ocrx_word' id='word_1_50' title='bbox 103 855 179 893; x_wconf 80' lang='lat' dir='ltr'>rone,</span> <span class='ocrx_word' id='word_1_51' title='bbox 214 856 308 893; x_wconf 83' lang='lat' dir='ltr'>Rana,</span> <span class='ocrx_word' id='word_1_52' title='bbox 342 857 429 896; x_wconf 77' lang='lat' dir='ltr'>Hyla,</span> <span class='ocrx_word' id='word_1_53' title='bbox 464 856 615 893; x_wconf 82' lang='lat' dir='ltr'>Pelobate‚</span> <span class='ocrx_word' id='word_1_54' title='bbox 652 855 859 888; x_wconf 86' lang='lat' dir='ltr'>Bombinatore</span> <span class='ocrx_word' id='word_1_55' title='bbox 893 860 919 888; x_wconf 87' lang='lat' dir='ltr'>is</span> <span class='ocrx_word' id='word_1_56' title='bbox 953 861 1061 899; x_wconf 86' lang='lat' dir='ltr'>primus</span> <span class='ocrx_word' id='word_1_57' title='bbox 1096 865 1144 891; x_wconf 88' lang='lat' dir='ltr'>est</span> <span class='ocrx_word' id='word_1_58' title='bbox 1165 871 1271 891; x_wconf 84' lang='lat' dir='ltr'>nervus</span> <span class='ocrx_word' id='word_1_59' title='bbox 1293 863 1457 901; x_wconf 78' lang='lat' dir='ltr'>cervicalis,</span> <span class='ocrx_word' id='word_1_60' title='bbox 1478 874 1495 894; x_wconf 89' lang='lat' dir='ltr'>a</span> <span class='ocrx_word' id='word_1_61' title='bbox 1518 867 1626 895; x_wconf 86' lang='lat' dir='ltr'>ceteris</span> 
     </span>
     <span class='ocr_line' id='line_1_9' title="bbox 105 931 1634 977; baseline 0.007 -17"><span class='ocrx_word' id='word_1_62' title='bbox 105 933 201 961; x_wconf 79' lang='lat' dir='ltr'>nervis</span> <span class='ocrx_word' id='word_1_63' title='bbox 232 932 395 970; x_wconf 87' lang='lat' dir='ltr'>spinalibus</span> <span class='ocrx_word' id='word_1_64' title='bbox 425 936 520 961; x_wconf 88' lang='lat' dir='ltr'>tamen</span> <span class='ocrx_word' id='word_1_65' title='bbox 542 933 570 961; x_wconf 89' lang='lat' dir='ltr'>iu</span> <span class='ocrx_word' id='word_1_66' title='bbox 603 942 637 961; x_wconf 92' lang='lat' dir='ltr'>eo</span> <span class='ocrx_word' id='word_1_67' title='bbox 670 931 836 968; x_wconf 83' lang='lat' dir='ltr'>distinctus,</span> <span class='ocrx_word' id='word_1_68' title='bbox 863 933 940 972; x_wconf 89' lang='lat' dir='ltr'>quod</span> <span class='ocrx_word' id='word_1_69' title='bbox 963 945 1018 964; x_wconf 88' lang='lat' dir='ltr'>uua</span> <span class='ocrx_word' id='word_1_70' title='bbox 1042 939 1153 965; x_wconf 87' lang='lat' dir='ltr'>tantum</span> <span class='ocrx_word' id='word_1_71' title='bbox 1176 936 1347 975; x_wconf 85' lang='lat' dir='ltr'>(anteriore)</span> <span class='ocrx_word' id='word_1_72' title='bbox 1371 938 1507 969; x_wconf 82' lang='lat' dir='ltr'>formatur</span> <span class='ocrx_word' id='word_1_73' title='bbox 1528 939 1634 977; x_wconf 85' lang='lat' dir='ltr'>radice,</span> 
     </span>
     <span class='ocr_line' id='line_1_10' title="bbox 103 1005 1633 1054; baseline 0.007 -19"><span class='ocrx_word' id='word_1_74' title='bbox 103 1006 279 1045; x_wconf 85' lang='lat' dir='ltr'>gauglioque</span> <span class='ocrx_word' id='word_1_75' title='bbox 312 1007 427 1036; x_wconf 87' lang='lat' dir='ltr'>omnino</span> <span class='ocrx_word' id='word_1_76' title='bbox 458 1010 536 1036; x_wconf 89' lang='lat' dir='ltr'>caret</span> <span class='ocrx_word' id='word_1_77' title='bbox 549 1006 606 1043; x_wconf 89' lang='lat' dir='ltr'>(l).</span> <span class='ocrx_word' id='word_1_78' title='bbox 648 1005 680 1036; x_wconf 87' lang='lat' dir='ltr'>ln</span> <span class='ocrx_word' id='word_1_79' title='bbox 713 1006 906 1038; x_wconf 82' lang='lat' dir='ltr'>salamandra</span> <span class='ocrx_word' id='word_1_80' title='bbox 940 1008 1044 1039; x_wconf 88' lang='lat' dir='ltr'>deinde</span> <span class='ocrx_word' id='word_1_81' title='bbox 1066 1009 1278 1050; x_wconf 75' lang='lat' dir='ltr'>Hypoglosnus</span> <span class='ocrx_word' id='word_1_82' title='bbox 1301 1014 1505 1044; x_wconf 86' lang='lat' dir='ltr'>coniunctione</span> <span class='ocrx_word' id='word_1_83' title='bbox 1527 1016 1633 1054; x_wconf 89' lang='lat' dir='ltr'>primo-</span> 
     </span>
     <span class='ocr_line' id='line_1_11' title="bbox 102 1081 1632 1128; baseline 0.005 -17"><span class='ocrx_word' id='word_1_84' title='bbox 102 1091 164 1111; x_wconf 92' lang='lat' dir='ltr'>rum</span> <span class='ocrx_word' id='word_1_85' title='bbox 198 1081 318 1111; x_wconf 90' lang='lat' dir='ltr'>duorum</span> <span class='ocrx_word' id='word_1_86' title='bbox 349 1090 501 1110; x_wconf 88' lang='lat' dir='ltr'>nervorum</span> <span class='ocrx_word' id='word_1_87' title='bbox 532 1081 686 1121; x_wconf 85' lang='lat' dir='ltr'>spinalium</span> <span class='ocrx_word' id='word_1_88' title='bbox 718 1081 870 1119; x_wconf 63' lang='lat' dir='ltr'>formatur-3</span> <span class='ocrx_word' id='word_1_89' title='bbox 898 1085 925 1112; x_wconf 93' lang='lat' dir='ltr'>in</span> <span class='ocrx_word' id='word_1_90' title='bbox 948 1082 1022 1123; x_wconf 83' lang='lat' dir='ltr'>Pipa</span> <span class='ocrx_word' id='word_1_91' title='bbox 1045 1085 1196 1124; x_wconf 84' lang='lat' dir='ltr'>dorsigera</span> <span class='ocrx_word' id='word_1_92' title='bbox 1219 1085 1295 1116; x_wconf 84' lang='lat' dir='ltr'>idem</span> <span class='ocrx_word' id='word_1_93' title='bbox 1318 1086 1435 1118; x_wconf 90' lang='lat' dir='ltr'>duobus</span> <span class='ocrx_word' id='word_1_94' title='bbox 1457 1094 1559 1128; x_wconf 86' lang='lat' dir='ltr'>postea</span> <span class='ocrx_word' id='word_1_95' title='bbox 1583 1089 1632 1119; x_wconf 90' lang='lat' dir='ltr'>de-</span> 
     </span>
     <span class='ocr_line' id='line_1_12' title="bbox 103 1156 1633 1202; baseline 0.005 -17"><span class='ocrx_word' id='word_1_96' title='bbox 103 1166 178 1186; x_wconf 88' lang='lat' dir='ltr'>mum</span> <span class='ocrx_word' id='word_1_97' title='bbox 214 1157 376 1186; x_wconf 86' lang='lat' dir='ltr'>coniunctis</span> <span class='ocrx_word' id='word_1_98' title='bbox 411 1157 509 1185; x_wconf 88' lang='lat' dir='ltr'>nervis</span> <span class='ocrx_word' id='word_1_99' title='bbox 544 1167 560 1185; x_wconf 92' lang='lat' dir='ltr'>e</span> <span class='ocrx_word' id='word_1_100' title='bbox 595 1156 680 1196; x_wconf 80' lang='lat' dir='ltr'>plexu</span> <span class='ocrx_word' id='word_1_101' title='bbox 715 1156 853 1186; x_wconf 86' lang='lat' dir='ltr'>brachiali</span> <span class='ocrx_word' id='word_1_102' title='bbox 891 1161 1037 1195; x_wconf 81' lang='lat' dir='ltr'>nascitur3</span> <span class='ocrx_word' id='word_1_103' title='bbox 1060 1160 1088 1189; x_wconf 93' lang='lat' dir='ltr'>in</span> <span class='ocrx_word' id='word_1_104' title='bbox 1112 1159 1239 1191; x_wconf 83' lang='lat' dir='ltr'>Caecilia</span> <span class='ocrx_word' id='word_1_105' title='bbox 1262 1172 1297 1191; x_wconf 87' lang='lat' dir='ltr'>ex</span> <span class='ocrx_word' id='word_1_106' title='bbox 1318 1162 1436 1201; x_wconf 87' lang='lat' dir='ltr'>ganglio</span> <span class='ocrx_word' id='word_1_107' title='bbox 1458 1163 1507 1193; x_wconf 90' lang='lat' dir='ltr'>illo</span> <span class='ocrx_word' id='word_1_108' title='bbox 1530 1173 1633 1202; x_wconf 81' lang='lat' dir='ltr'>magno</span> 
     </span>
     <span class='ocr_line' id='line_1_13' title="bbox 102 1230 1631 1277; baseline 0.006 -18"><span class='ocrx_word' id='word_1_109' title='bbox 102 1235 198 1267; x_wconf 88' lang='lat' dir='ltr'>ovato,</span> <span class='ocrx_word' id='word_1_110' title='bbox 219 1242 236 1261; x_wconf 92' lang='lat' dir='ltr'>a</span> <span class='ocrx_word' id='word_1_111' title='bbox 259 1230 343 1269; x_wconf 84' lang='lat' dir='ltr'>Vago</span> <span class='ocrx_word' id='word_1_112' title='bbox 365 1230 515 1269; x_wconf 71' lang='lat' dir='ltr'>tribusque</span> <span class='ocrx_word' id='word_1_113' title='bbox 536 1232 637 1270; x_wconf 79' lang='lat' dir='ltr'>primis</span> <span class='ocrx_word' id='word_1_114' title='bbox 660 1233 758 1261; x_wconf 85' lang='lat' dir='ltr'>nervis</span> <span class='ocrx_word' id='word_1_115' title='bbox 779 1233 971 1263; x_wconf 85' lang='lat' dir='ltr'>cervicalibus</span> <span class='ocrx_word' id='word_1_116' title='bbox 994 1233 1116 1264; x_wconf 78' lang='lat' dir='ltr'>formato</span> <span class='ocrx_word' id='word_1_117' title='bbox 1138 1238 1288 1274; x_wconf 84' lang='lat' dir='ltr'>emittitur,</span> <span class='ocrx_word' id='word_1_118' title='bbox 1321 1248 1406 1276; x_wconf 86' lang='lat' dir='ltr'>quum</span> <span class='ocrx_word' id='word_1_119' title='bbox 1436 1237 1631 1277; x_wconf 79' lang='lat' dir='ltr'>Hypochthon</span> 
     </span>
     <span class='ocr_line' id='line_1_14' title="bbox 101 1305 1632 1352; baseline 0.005 -17"><span class='ocrx_word' id='word_1_120' title='bbox 101 1305 225 1344; x_wconf 83' lang='lat' dir='ltr'>denique</span> <span class='ocrx_word' id='word_1_121' title='bbox 247 1305 320 1335; x_wconf 86' lang='lat' dir='ltr'>duas</span> <span class='ocrx_word' id='word_1_122' title='bbox 342 1307 435 1345; x_wconf 78' lang='lat' dir='ltr'>ipsius</span> <span class='ocrx_word' id='word_1_123' title='bbox 457 1316 578 1345; x_wconf 83' lang='lat' dir='ltr'>prorsus</span> <span class='ocrx_word' id='word_1_124' title='bbox 599 1307 748 1337; x_wconf 83' lang='lat' dir='ltr'>seiunctas</span> <span class='ocrx_word' id='word_1_125' title='bbox 771 1307 909 1337; x_wconf 82' lang='lat' dir='ltr'>ostendat</span> <span class='ocrx_word' id='word_1_126' title='bbox 931 1313 1040 1347; x_wconf 81' lang='lat' dir='ltr'>partes,</span> <span class='ocrx_word' id='word_1_127' title='bbox 1061 1310 1180 1340; x_wconf 83' lang='lat' dir='ltr'>alteram</span> <span class='ocrx_word' id='word_1_128' title='bbox 1204 1321 1220 1340; x_wconf 95' lang='lat' dir='ltr'>a</span> <span class='ocrx_word' id='word_1_129' title='bbox 1249 1321 1329 1341; x_wconf 85' lang='lat' dir='ltr'>ramo</span> <span class='ocrx_word' id='word_1_130' title='bbox 1361 1313 1521 1342; x_wconf 86' lang='lat' dir='ltr'>intestinali</span> <span class='ocrx_word' id='word_1_131' title='bbox 1554 1315 1632 1352; x_wconf 82' lang='lat' dir='ltr'>paris</span> 
     </span>
    </p>
   </div>
   <div class='ocr_carea' id='block_1_3' title="bbox 101 1380 1632 1426">
    <p class='ocr_par' dir='ltr' id='par_1_4' title="bbox 101 1380 1632 1426">
     <span class='ocr_line' id='line_1_15' title="bbox 101 1380 1632 1426; baseline 0.005 -15"><span class='ocrx_word' id='word_1_132' title='bbox 101 1381 203 1411; x_wconf 88' lang='lat' dir='ltr'>decimi</span> <span class='ocrx_word' id='word_1_133' title='bbox 235 1380 350 1417; x_wconf 83' lang='lat' dir='ltr'>editam,</span> <span class='ocrx_word' id='word_1_134' title='bbox 382 1381 500 1410; x_wconf 87' lang='lat' dir='ltr'>alteram</span> <span class='ocrx_word' id='word_1_135' title='bbox 522 1392 539 1411; x_wconf 88' lang='lat' dir='ltr'>e</span> <span class='ocrx_word' id='word_1_136' title='bbox 560 1383 651 1420; x_wconf 84' lang='lat' dir='ltr'>primo</span> <span class='ocrx_word' id='word_1_137' title='bbox 672 1392 761 1413; x_wconf 85' lang='lat' dir='ltr'>nervo</span> <span class='ocrx_word' id='word_1_138' title='bbox 783 1383 919 1413; x_wconf 82' lang='lat' dir='ltr'>cervicali</span> <span class='ocrx_word' id='word_1_139' title='bbox 942 1387 1090 1416; x_wconf 85' lang='lat' dir='ltr'>orientem.</span> <span class='ocrx_word' id='word_1_140' title='bbox 1132 1385 1217 1424; x_wconf 76' lang='lat' dir='ltr'>Quae</span> <span class='ocrx_word' id='word_1_141' title='bbox 1239 1391 1284 1416; x_wconf 89' lang='lat' dir='ltr'>tot</span> <span class='ocrx_word' id='word_1_142' title='bbox 1305 1392 1444 1426; x_wconf 85' lang='lat' dir='ltr'>tantaque</span> <span class='ocrx_word' id='word_1_143' title='bbox 1466 1388 1632 1419; x_wconf 87' lang='lat' dir='ltr'>discrimina</span> 
     </span>
    </p>
   </div>
   <div class='ocr_carea' id='block_1_4' title="bbox 99 1453 1630 1576">
    <p class='ocr_par' dir='ltr' id='par_1_5' title="bbox 99 1453 1630 1576">
     <span class='ocr_line' id='line_1_16' title="bbox 99 1453 1630 1503; baseline 0.005 -17"><span class='ocrx_word' id='word_1_144' title='bbox 99 1455 179 1486; x_wconf 92' lang='lat' dir='ltr'>nullo</span> <span class='ocrx_word' id='word_1_145' title='bbox 201 1455 258 1485; x_wconf 87' lang='lat' dir='ltr'>alio</span> <span class='ocrx_word' id='word_1_146' title='bbox 279 1453 365 1484; x_wconf 87' lang='lat' dir='ltr'>modo</span> <span class='ocrx_word' id='word_1_147' title='bbox 387 1455 522 1494; x_wconf 81' lang='lat' dir='ltr'>explicari</span> <span class='ocrx_word' id='word_1_148' title='bbox 544 1465 636 1494; x_wconf 84' lang='lat' dir='ltr'>posse</span> <span class='ocrx_word' id='word_1_149' title='bbox 657 1454 746 1485; x_wconf 83' lang='lat' dir='ltr'>credo</span> <span class='ocrx_word' id='word_1_150' title='bbox 767 1459 823 1486; x_wconf 85' lang='lat' dir='ltr'>nisi</span> <span class='ocrx_word' id='word_1_151' title='bbox 845 1456 882 1486; x_wconf 88' lang='lat' dir='ltr'>ad</span> <span class='ocrx_word' id='word_1_152' title='bbox 904 1459 956 1487; x_wconf 91' lang='lat' dir='ltr'>viri</span> <span class='ocrx_word' id='word_1_153' title='bbox 978 1458 1168 1489; x_wconf 81' lang='lat' dir='ltr'>illustrissimi</span> <span class='ocrx_word' id='word_1_154' title='bbox 1191 1460 1326 1491; x_wconf 86' lang='lat' dir='ltr'>Miiller</span> <span class='ocrx_word' id='word_1_155' title='bbox 1339 1464 1513 1492; x_wconf 86' lang='lat' dir='ltr'>senteutiam</span> <span class='ocrx_word' id='word_1_156' title='bbox 1525 1463 1630 1503; x_wconf 82' lang='lat' dir='ltr'>aliquis</span> 
     </span>
     <span class='ocr_line' id='line_1_17' title="bbox 100 1529 1629 1576; baseline 0.004 -14"><span class='ocrx_word' id='word_1_157' title='bbox 100 1530 230 1568; x_wconf 83' lang='lat' dir='ltr'>accedat,</span> <span class='ocrx_word' id='word_1_158' title='bbox 261 1529 490 1570; x_wconf 82' lang='lat' dir='ltr'>Hypoglossum‚</span> <span class='ocrx_word' id='word_1_159' title='bbox 521 1531 547 1560; x_wconf 86' lang='lat' dir='ltr'>si</span> <span class='ocrx_word' id='word_1_160' title='bbox 581 1541 630 1561; x_wconf 81' lang='lat' dir='ltr'>res</span> <span class='ocrx_word' id='word_1_161' title='bbox 662 1541 730 1561; x_wconf 87' lang='lat' dir='ltr'>vere</span> <span class='ocrx_word' id='word_1_162' title='bbox 759 1533 940 1569; x_wconf 78' lang='lat' dir='ltr'>aestimetur,</span> <span class='ocrx_word' id='word_1_163' title='bbox 973 1532 1067 1563; x_wconf 71' lang='lat' dir='ltr'>tribus</span> <span class='ocrx_word' id='word_1_164' title='bbox 1089 1535 1190 1572; x_wconf 86' lang='lat' dir='ltr'>primis</span> <span class='ocrx_word' id='word_1_165' title='bbox 1211 1538 1309 1565; x_wconf 89' lang='lat' dir='ltr'>nervis</span> <span class='ocrx_word' id='word_1_166' title='bbox 1331 1537 1495 1576; x_wconf 86' lang='lat' dir='ltr'>spinalibus</span> <span class='ocrx_word' id='word_1_167' title='bbox 1517 1537 1629 1568; x_wconf 79' lang='lat' dir='ltr'>formari</span> 
     </span>
    </p>
   </div>
   <div class='ocr_carea' id='block_1_5' title="bbox 100 1608 267 1637">
    <p class='ocr_par' dir='ltr' id='par_1_6' title="bbox 100 1608 267 1637">
     <span class='ocr_line' id='line_1_18' title="bbox 100 1608 267 1637; baseline -0.006 0"><span class='ocrx_word' id='word_1_168' title='bbox 100 1608 267 1637; x_wconf 84' lang='lat' dir='ltr'>statuentis.</span> 
     </span>
    </p>
   </div>
   <div class='ocr_carea' id='block_1_6' title="bbox 127 1698 312 1705">
    <p class='ocr_par' dir='ltr' id='par_1_7' title="bbox 127 1698 312 1705">
     <span class='ocr_line' id='line_1_19' title="bbox 127 1698 312 1705; baseline 0 0"><span class='ocrx_word' id='word_1_169' title='bbox 127 1698 312 1705; x_wconf 95' lang='lat' dir='ltr'> </span> 
     </span>
    </p>
   </div>
   <div class='ocr_carea' id='block_1_7' title="bbox 100 1749 1628 1892">
    <p class='ocr_par' dir='ltr' id='par_1_8' title="bbox 100 1749 1628 1892">
     <span class='ocr_line' id='line_1_20' title="bbox 259 1749 1628 1793; baseline 0.007 -18"><span class='ocrx_word' id='word_1_170' title='bbox 259 1752 300 1783; x_wconf 93' lang='lat'>(1)</span> <span class='ocrx_word' id='word_1_171' title='bbox 319 1750 518 1777; x_wconf 77' lang='lat' dir='ltr'>illustrissimus</span> <span class='ocrx_word' id='word_1_172' title='bbox 537 1749 685 1777; x_wconf 78' lang='lat' dir='ltr'>Volkmann</span> <span class='ocrx_word' id='word_1_173' title='bbox 704 1751 809 1785; x_wconf 85' lang='lat' dir='ltr'>quidem</span> <span class='ocrx_word' id='word_1_174' title='bbox 829 1751 899 1782; x_wconf 76' lang='lat' dir='ltr'>duas</span> <span class='ocrx_word' id='word_1_175' title='bbox 917 1752 969 1787; x_wconf 84' lang='lat' dir='ltr'>ipsi</span> <span class='ocrx_word' id='word_1_176' title='bbox 997 1754 1022 1779; x_wconf 89' lang='lat' dir='ltr'>in</span> <span class='ocrx_word' id='word_1_177' title='bbox 1041 1753 1117 1780; x_wconf 85' lang='lat' dir='ltr'>Rana</span> <span class='ocrx_word' id='word_1_178' title='bbox 1137 1753 1228 1781; x_wconf 86' lang='lat' dir='ltr'>tribuit</span> <span class='ocrx_word' id='word_1_179' title='bbox 1256 1755 1369 1787; x_wconf 77' lang='lat' dir='ltr'>radices,</span> <span class='ocrx_word' id='word_1_180' title='bbox 1399 1757 1575 1793; x_wconf 80' lang='lat' dir='ltr'>ganglionque</span> <span class='ocrx_word' id='word_1_181' title='bbox 1603 1760 1628 1786; x_wconf 89' lang='lat' dir='ltr'>in</span> 
     </span>
     <span class='ocr_line' id='line_1_21' title="bbox 101 1803 1628 1846; baseline 0.005 -15"><span class='ocrx_word' id='word_1_182' title='bbox 101 1806 192 1840; x_wconf 79' lang='lat' dir='ltr'>ligura,</span> <span class='ocrx_word' id='word_1_183' title='bbox 212 1812 264 1839; x_wconf 87' lang='lat' dir='ltr'>qua</span> <span class='ocrx_word' id='word_1_184' title='bbox 283 1805 393 1838; x_wconf 84' lang='lat' dir='ltr'>egregia</span> <span class='ocrx_word' id='word_1_185' title='bbox 412 1804 561 1831; x_wconf 79' lang='lat' dir='ltr'>doctissimi</span> <span class='ocrx_word' id='word_1_186' title='bbox 581 1804 628 1830; x_wconf 87' lang='lat' dir='ltr'>viri</span> <span class='ocrx_word' id='word_1_187' title='bbox 649 1803 806 1830; x_wconf 77' lang='lat' dir='ltr'>dissertatio</span> <span class='ocrx_word' id='word_1_188' title='bbox 825 1808 869 1831; x_wconf 80' lang='lat' dir='ltr'>est</span> <span class='ocrx_word' id='word_1_189' title='bbox 887 1809 989 1838; x_wconf 89' lang='lat' dir='ltr'>ornata,</span> <span class='ocrx_word' id='word_1_190' title='bbox 1008 1806 1152 1834; x_wconf 84' lang='lat' dir='ltr'>delineavit</span> <span class='ocrx_word' id='word_1_191' title='bbox 1171 1807 1242 1835; x_wconf 84' lang='lat' dir='ltr'>haud</span> <span class='ocrx_word' id='word_1_192' title='bbox 1261 1808 1297 1835; x_wconf 87' lang='lat' dir='ltr'>ita</span> <span class='ocrx_word' id='word_1_193' title='bbox 1316 1817 1433 1844; x_wconf 83' lang='lat' dir='ltr'>parvum,</span> <span class='ocrx_word' id='word_1_194' title='bbox 1454 1819 1540 1846; x_wconf 85' lang='lat' dir='ltr'>neque</span> <span class='ocrx_word' id='word_1_195' title='bbox 1551 1814 1628 1838; x_wconf 81' lang='lat' dir='ltr'>etiam</span> 
     </span>
     <span class='ocr_line' id='line_1_22' title="bbox 100 1855 997 1892; baseline 0.001 -7"><span class='ocrx_word' id='word_1_196' title='bbox 100 1858 238 1885; x_wconf 83' lang='lat' dir='ltr'>clarissimi</span> <span class='ocrx_word' id='word_1_197' title='bbox 258 1857 306 1883; x_wconf 81' lang='lat' dir='ltr'>viri</span> <span class='ocrx_word' id='word_1_198' title='bbox 325 1855 411 1884; x_wconf 84' lang='lat' dir='ltr'>Catus</span> <span class='ocrx_word' id='word_1_199' title='bbox 429 1860 457 1884; x_wconf 83' lang='lat' dir='ltr'>et</span> <span class='ocrx_word' id='word_1_200' title='bbox 474 1856 578 1884; x_wconf 86' lang='lat' dir='ltr'>Weber</span> <span class='ocrx_word' id='word_1_201' title='bbox 595 1856 658 1884; x_wconf 87' lang='lat' dir='ltr'>illud</span> <span class='ocrx_word' id='word_1_202' title='bbox 677 1856 822 1892; x_wconf 83' lang='lat' dir='ltr'>depingere</span> <span class='ocrx_word' id='word_1_203' title='bbox 841 1859 997 1886; x_wconf 83' lang='lat' dir='ltr'>omiserunt.</span> 
     </span>
    </p>
   </div>
   <div class='ocr_carea' id='block_1_8' title="bbox 701 1997 1028 2047">
    <p class='ocr_par' dir='ltr' id='par_1_9' title="bbox 701 1997 1028 2047">
     <span class='ocr_line' id='line_1_23' title="bbox 701 1997 1028 2047; baseline -0.015 -15"><span class='ocrx_word' id='word_1_204' title='bbox 701 1997 1028 2047; x_wconf 41' lang='lat' dir='ltr'><em>ww..-</em></span> 
     </span>
    </p>
   </div>
  </div>
 </body>
</html>
