2149 3261
1227 293 1271 338 6

644 427 734 457 Nervi
758 426 848 464 Vagi
870 429 929 455 tres
950 426 1135 454 inveniuntur
1156 423 1269 453 radices
1282 424 1328 461 (l)
1349 423 1425 454 haud
1447 425 1486 455 ita
1508 433 1623 465 parvae,
1646 433 1719 463 quae
1746 433 1780 453 ex
1807 427 1926 453 externo
1958 433 2017 452 me-

488 502 584 533 dullae
616 501 792 539 oblongatae
824 502 952 539 margine
983 503 1139 530 nascentes
1171 504 1201 529 et
1233 503 1393 529 extrorsum
1426 499 1644 539 progredientes
1672 501 1699 528 in
1723 498 1859 537 ganglion
1883 508 2017 536 magnum

488 581 604 607 ovatum
627 578 825 607 intumescunt
846 579 874 605 et
896 585 946 615 per
967 574 1093 605 foramen
1117 585 1207 614 prope
1228 574 1380 614 condylum
1405 575 1585 613 occipitalem
1608 575 1733 614 positum
1756 572 1907 605 excedunt.

647 649 981 691 Hypoylossusffl),
1015 649 1117 679 eodem
1152 660 1209 689 quo
1241 652 1268 680 in
1303 650 1411 680 Bulone
1439 649 1623 689 pantherino,
1645 649 1730 679 modo
1753 648 1789 679 ab
1812 650 1877 689 ipso
1901 648 2019 678 cerebro

488 726 585 767 paullo
617 726 687 755 inira
721 729 750 755 et
781 730 849 755 ante
881 726 960 755 nervi
982 724 1060 764 Vagi
1081 723 1195 755 radices
1219 724 1368 760 oriundus,
1389 724 1425 754 ad
1448 726 1595 764 posterius
1617 734 1650 754 se
1672 726 1827 761 convertit,
1850 722 1955 754 deinde
1977 722 2020 753 di-

488 803 618 832 rectione
639 804 748 831 mutata
770 800 806 830 ad
829 802 954 831 exterius
975 800 1097 831 flectitur
1118 804 1147 830 et
1169 802 1242 830 inter
1264 799 1337 830 duas
1362 802 1473 839 priores
1494 799 1646 829 vertebras
1674 799 1827 838 egreditur.
1870 798 2017 836 Ganglion

489 880 595 913 autem,
616 886 674 916 quo
695 875 742 906 hic
764 885 870 906 nervus
892 879 974 906 esset
994 877 1156 906 instructus
1178 876 1274 905 inveni
1296 875 1414 906 nullum.

1209 949 1234 987 ᾧ.
1275 951 1323 982 2.-

651 1024 740 1063 Quod
762 1025 798 1054 ad
822 1035 926 1055 nervos
949 1036 983 1055 ex
1005 1025 1086 1055 hisce
1107 1025 1254 1055 radicibus
1276 1028 1402 1055 orientes
1423 1027 1537 1062 attinet,
1558 1025 1633 1055 duae
1656 1028 1753 1064 partes
1778 1023 2019 1054 Oculomoto-

492 1102 535 1130 rii
564 1110 638 1140 quae
670 1102 725 1129 iam
754 1101 827 1129 intra
851 1102 940 1129 cranii
963 1102 1115 1130 cavitatem
1139 1100 1277 1139 distingui
1301 1105 1435 1140 possunt,
1457 1099 1573 1140 quando
1598 1100 1720 1130 orbitam
1745 1101 1937 1135 intraverunt,
1959 1102 2022 1127 sta-

492 1177 541 1205 tim
575 1174 707 1204 diversas
741 1178 901 1214 sequuntur
932 1174 1121 1213 directiones,
1154 1176 1244 1206 altera
1277 1177 1404 1206 crassior
1435 1177 1516 1213 inira,
1547 1176 1639 1205 altera
1666 1176 1780 1205 tenuior
1801 1184 1890 1213 supra
1912 1183 2022 1202 ramum

493 1250 623 1280 nasalein
657 1249 815 1288 Trigemini
848 1249 1033 1282 decursurae.
1074 1250 1185 1281 Ramus
1218 1253 1351 1288 superior
1378 1253 1405 1281 in
1425 1252 1557 1281 musculo
1580 1255 1659 1281 recto
1683 1251 1834 1290 superiore
1847 1248 1894 1286 (3)
1917 1248 2024 1282 finitur,

493 1335 590 1355 ramus
618 1324 736 1354 interior
762 1324 800 1355 ad
821 1325 940 1355 inferius
961 1330 990 1355 et
1011 1327 1139 1355 anterius
1161 1326 1282 1356 flectitur
1303 1331 1332 1356 et
1352 1328 1380 1356 in
1404 1331 1463 1356 tres
1486 1337 1552 1356 mox
1574 1325 1712 1355 dividitur
1734 1333 1849 1354 nervos.
1893 1322 2025 1361 Quorum

494 1400 611 1441 quidem
648 1401 758 1438 primus
791 1401 819 1428 in
851 1400 984 1429 musculo
1005 1403 1083 1428 recto
1105 1398 1235 1429 interiore
1257 1400 1439 1440 expanditur3
1462 1400 1612 1431 secundus
1634 1399 1815 1439 aliquantum
1837 1399 1953 1435 longius
1976 1407 2027 1426 an-

493 1480 618 1504 trorsum
652 1472 839 1513 progrediens
873 1483 908 1503 m.
940 1478 1048 1503 rectum
1071 1475 1212 1503 internum
1235 1474 1382 1504 fasciculis
1406 1478 1467 1505 suis
1491 1478 1622 1512 instruit3
1645 1477 1747 1505 tertius
1771 1474 1896 1513 denique
1919 1476 2028 1502 extror-

493 1559 558 1579 sum
580 1559 613 1578 se
636 1552 809 1578 convertens
831 1547 867 1577 ad
890 1558 925 1578 m.
949 1547 1095 1586 obliquum
1117 1548 1276 1579 inferiorem
1299 1550 1419 1587 accedit,
1443 1551 1633 1590 pluribusque
1655 1551 1693 1580 ibi
1710 1550 1882 1579 dissolvitur
1897 1548 2025 1577 ramulis.

654 1622 872 1652 patheticus
894 1622 996 1652 relicta
1019 1625 1106 1653 cranii
1130 1626 1256 1655 cavitate
1278 1631 1441 1655 antrorsuin
1465 1636 1498 1655 se
1520 1628 1675 1662 convertit,
1698 1625 1812 1664 alisque
1832 1622 2027 1653 anterioribus

652 1811 694 1842 (l)
716 1810 773 1845 Fig.
795 1812 817 1841 1,
840 1812 879 1843 10,
901 1809 1001 1846 [δί-μγ,
1028 1809 1052 1840 δ.

656 1864 694 1894 (9.)
715 1863 782 1891 Tab.
804 1864 822 1889 l.
855 1863 913 1898 Fig.
937 1866 957 1895 1,
982 1866 1022 1893 1⁶2.

656 1916 696 1948 (3)
715 1915 842 1942 Libellum
864 1917 965 1945 huncce
985 1921 1105 1945 exaranti
1125 1919 1184 1945 milii
1204 1919 1299 1946 bonum
1319 1928 1402 1955 saepe
1421 1929 1453 1947 ac
1465 1921 1519 1947 sei-e
1539 1922 1723 1948 necessarium
1744 1921 1892 1952 videbatur,
1912 1922 2030 1955 ipsorum

498 1978 639 1996 nervorum
660 1969 833 2004 descriptioni
855 1970 961 1997 brevem
983 1973 1160 1999 musculorum
1182 1975 1350 2008 praemittere
1370 1975 1565 2006 exposuerim,
1587 1975 1659 2010 quod
1675 1979 1761 2001 tamen
1782 1975 1928 2006 consilium,
1950 1982 2030 2008 quum

500 2028 552 2049 tam
572 2031 654 2057 saepe
674 2023 722 2048 iam
744 2023 776 2048 de
799 2023 998 2051 Batrachioruiu
1019 2025 1149 2060 myologia
1170 2028 1204 2052 sit
1224 2028 1351 2059 scriptum
1373 2028 1507 2062 deponere
1530 2032 1627 2063 postea
1647 2029 1793 2055 inanimum
1805 2027 1902 2054 induxi.
1916 2027 2030 2053 Nomina

499 2076 687 2105 musculorum,
714 2075 811 2109 quibus
831 2077 854 2102 in
874 2077 984 2111 singulis
1005 2080 1093 2105 nervis
1114 2079 1296 2106 describendis
1316 2089 1373 2106 sum
1395 2089 1468 2112 usus,
1491 2090 1538 2115 per
1555 2090 1586 2107 se
1607 2082 1655 2107 iam
1677 2081 1762 2107 facilia
1783 2085 1859 2107 erunt
1880 2080 2029 2106 intellectu:

499 2133 562 2156 sunt
573 2133 660 2155 autem
681 2137 791 2162 eaquae
811 2130 880 2164 apud
900 2131 1044 2166 plerosque
1064 2136 1175 2158 autores
1195 2134 1306 2158 maxime
1326 2135 1425 2159 usitata
1445 2135 1538 2160 inveni.
1578 2134 1752 2170 Sci'ipserunt
1771 2139 1858 2161 autem
1879 2135 1912 2160 de
1938 2134 2030 2160 horum

501 2182 648 2208 animalium
661 2181 786 2207 musculis
799 2183 935 2217 imprimis:
946 2185 966 2210 Z
976 2194 988 2210 e
997 2194 1011 2211 n
1019 2194 1033 2210 ι·
1041 2184 1056 2211 k
1065 2194 1079 2211 e
1087 2194 1099 2211 r
1110 2185 1244 2220 Myologia
1257 2185 1458 2212 Batracbioi-um
1479 2187 1563 2214 denae
1586 2189 1661 2215 1825.
1671 2204 1705 2208 —-
1715 2187 1757 2214 De
1769 2188 2029 2214 Salamandrinoruni

502 2235 641 2261 musculis:
663 2234 754 2260 Funk
776 2235 809 2260 de
829 2235 928 2263 Salam.
949 2243 1010 2266 terr,
1032 2240 1093 2271 vita7
1115 2239 1190 2265 form.
1211 2239 1363 2267 cet.Berol.
1387 2240 1461 2267 1s27.
1484 2256 1515 2259 —
1537 2240 1577 2267 De
1598 2242 1743 2267 eorundem
1764 2241 1908 2267 animalium
1929 2250 2030 2267 muscu-

503 2288 534 2314 lis
555 2289 598 2322 qui
619 2296 650 2314 os
671 2287 812 2322 hyoideum
832 2294 858 2315 et
879 2289 1039 2325 pharyngem
1060 2296 1179 2318 movent:
1212 2292 1377 2319 Sieboldt.
1398 2294 1555 2323 Observatt.
1586 2296 1681 2329 quaed.
1708 2296 1740 2320 de
1761 2295 1860 2321 Salam.
1882 2300 1907 2320 et
1929 2295 2030 2321 Triton.

503 2340 595 2368 sserol.
618 2341 684 2367 1828
704 2344 731 2366 et
751 2342 902 2377 complures
923 2344 972 2375 alii,
1003 2346 1026 2370 in
1047 2345 1142 2379 quibus
1163 2347 1304 2380 praecipue
1330 2347 1476 2372 doctissimi
1506 2349 1552 2373 viri
1581 2347 1719 2380 Cuvicr,
1749 2348 1891 2380 Mecket,
1922 2349 2030 2374 Carus

504 2395 528 2420 in
549 2393 620 2420 libris
641 2393 674 2419 de
694 2396 818 2422 universa
838 2399 968 2423 anatomia
998 2402 1148 2433 comparata
1169 2400 1329 2433 conscriptis
1358 2398 1426 2425 liaud
1457 2409 1540 2435 pauca
1569 2402 1602 2427 de
1627 2401 1719 2428 horum
1739 2403 1884 2428 animalium
1905 2403 2030 2428 musculis

505 2447 697 2474 disseruerunt.
