2149 3261
1217 274 1303 320 54

498 418 615 437 nervum
638 407 834 435 accessorium
857 414 925 434 esse
948 407 1067 443 pugnet,
1097 403 1198 439 altera,
1220 403 1379 442 eademque
1401 413 1458 433 non
1480 404 1575 434 minus
1597 406 1695 443 gravis
1717 407 1745 434 in
1768 415 1802 435 eo
1825 407 1921 445 posita
1945 406 2027 436 vide-

499 487 553 518 tur,
588 479 664 519 quod
687 490 738 518 par
759 480 912 518 septimum
935 480 963 508 in
986 477 1120 508 omnibus
1142 480 1178 508 iis
1200 478 1357 516 generibus
1378 477 1526 516 (Tritone,
1561 478 1763 517 Salamandra,
1799 479 2027 520 Hypochthone)

498 565 573 595 quae
603 554 695 584 libero
728 554 784 583 hoc
817 564 907 584 nervo
930 563 1024 594 neque
1046 564 1110 583 cum
1135 553 1303 591 Trigemino
1324 555 1480 583 coniuncto
1502 558 1572 584 sunt
1593 554 1734 594 praedita,
1765 557 1913 594 ganglio
1935 558 2030 586 satis

499 640 624 668 magno
656 633 714 658 est
746 630 967 658 instructum
983 628 1044 666 (l),
1079 638 1171 667 eaque
1192 639 1224 658 re
1244 628 1281 658 ad
1303 638 1401 658 eorum
1430 629 1619 659 cerebralium
1642 640 1792 660 nervorum
1815 630 1923 660 formas
1944 640 2030 661 acce-

501 706 568 735 dere
591 704 713 740 videtnr,
736 705 782 742 qui
805 703 970 743 spinalibus
992 707 1061 734 sunt
1082 703 1205 735 similes,

659 778 855 809 Nihilominus
886 781 982 808 tamen
1015 787 1118 816 magna
1152 777 1275 818 quadam
1308 778 1506 817 Trigeminum
1537 782 1566 808 et
1587 778 1735 809 Facialem
1763 782 1934 810 coniunctos
1966 790 2034 809 esse

502 854 642 885 affinitate
663 852 742 883 nullo
764 852 849 882 modo
872 856 971 891 potest
991 854 1107 891 negari,
1142 854 1248 893 quippe
1279 863 1353 892 quae
1375 863 1432 883 non
1455 854 1551 884 solum
1574 864 1608 884 ex
1629 854 1770 893 singulari
1791 855 1840 885 illa
1862 856 1931 885 rami
1954 855 2034 894 pala-

503 931 557 960 tini
579 930 699 964 ratione,
721 926 774 957 sed
796 929 882 957 etiam
904 937 940 957 ex
961 927 1097 957 omnibus
1119 927 1210 964 hisce,
1231 938 1306 966 quae
1327 927 1363 958 de
1384 930 1462 968 paris
1484 930 1598 968 septimi
1615 933 1717 959 natura
1740 940 1815 959 nunc
1837 932 1892 960 iam
1915 929 2034 959 uberius

505 1003 694 1038 disserentur,
716 1005 845 1040 apparet.

667 1076 763 1116 lpsam
786 1076 861 1105 hanc
883 1077 958 1104 euim
981 1077 1007 1104 si
1030 1080 1209 1114 spectamus,
1242 1076 1424 1106 clarissimus
1456 1079 1500 1107 vir
1522 1078 1686 1108 Volkmann
1703 1079 1751 1116 (2)
1782 1082 1837 1110 ian»
1861 1080 2038 1118 observavit,

507 1152 613 1182 habere
634 1153 720 1180 etiam
743 1153 771 1180 in
795 1150 960 1181 Batrachiis
982 1151 1088 1186 locum,
1110 1160 1184 1189 quae
1206 1151 1425 1182 illustrissimus
1448 1151 1512 1183 Bell
1535 1153 1571 1183 de
1593 1156 1620 1183 vi
1643 1156 1827 1194 respirate-ria
1850 1155 1936 1185 huius
1959 1157 2038 1185 nervi

508 1226 731 1266 disceptaverit;
763 1227 927 1256 inserviunt
957 1227 1033 1255 enim
1065 1226 1189 1255 musculi
1222 1226 1444 1266 stylobyoideus
1467 1229 1614 1267 posterior
1636 1229 1889 1267 (Ecaudatorum),
1914 1232 2040 1260 constri—

509 1306 606 1331 ctores
628 1300 753 1331 faucium
774 1299 1012 1339 (salamandrae,
1048 1299 1189 1338 Tritonis,
1222 1300 1457 1341 Hypoclithonis,
1485 1302 1657 1341 Caeciliae),
1693 1305 1816 1334 musculi
1841 1306 1960 1340 uarium,
1993 1307 2041 1344 qui

510 1377 606 1406 cuncti
627 1375 665 1406 ab
686 1377 751 1415 ipso
772 1385 879 1405 nervos
901 1384 972 1404 suos
995 1376 1158 1414 accipiunt,
1190 1385 1221 1405 re
1252 1386 1320 1406 vera
1352 1376 1480 1407 motibus
1511 1379 1723 1416 respiratoriis;
1759 1381 1925 1409 emittuntur
1946 1383 2042 1409 tamen

510 1450 547 1481 ab
569 1460 604 1480 eo
627 1453 776 1489 praeterea
798 1449 899 1479 ramuli
931 1450 1063 1479 nonnulli
1085 1450 1141 1480 alia
1164 1449 1284 1489 praediti
1307 1452 1351 1480 vi:
1386 1453 1454 1480 rami
1487 1452 1604 1481 scilicet
1635 1454 1663 1482 in
1696 1454 1857 1483 musculum
1890 1458 2042 1494 tympano-

512 1525 687 1554 maxillarem
709 1524 755 1562 (et
787 1523 950 1553 musculum
982 1522 1309 1553 vertebro-maxillarem
1332 1523 1448 1562 Ranae)
1470 1525 1549 1555 editi.
1592 1526 1650 1565 Qui
1673 1529 1747 1557 enim
1771 1529 1936 1566 musculus,
1958 1539 2044 1567 quum

513 1600 602 1629 motui
625 1599 817 1638 respiratorio
840 1608 897 1626 non
921 1599 1060 1627 inserviat
1083 1598 1197 1638 (aperto
1218 1601 1316 1637 utique
1339 1609 1389 1628 ore
1411 1599 1566 1630 Rati-achia
1597 1604 1739 1641 respirare
1772 1613 1827 1632 non
1861 1590 1951 1642 pesse
1972 1607 2046 1634 inter

513 1683 615 1704 omnes
636 1671 777 1707 constat),
809 1679 844 1699 eo
872 1680 928 1699 uno
953 1670 1047 1700 officio
1070 1670 1148 1708 fungi
1171 1671 1293 1709 videtur,
1325 1672 1401 1712 quod
1424 1673 1459 1703 ad
1486 1674 1567 1704 cibos
1591 1676 1789 1715 capessendos
1812 1678 1893 1707 hisce
1914 1679 2046 1709 animali-

514 1748 569 1777 bus
591 1748 631 1777 sit
651 1746 733 1781 usui,
768 1744 845 1774 unde
867 1755 985 1774 nervum
1009 1755 1141 1785 quoque,
1174 1746 1252 1786 apud
1284 1751 1387 1777 cuncta
1420 1749 1577 1787 Amphibia
1613 1750 1690 1780 nuda
1722 1761 1738 1781 a
1761 1751 1870 1782 Faciali
1900 1755 1927 1783 in
1951 1755 2045 1793 ipsum

516 1824 656 1851 emissum
689 1821 786 1849 nervis
819 1818 1045 1849 manducatoriis
1067 1820 1313 1851 adnumerandum
1342 1832 1410 1852 esse
1431 1828 1560 1863 apparet.
1602 1824 1686 1855 Duae
1709 1827 1795 1864 igitur
1817 1830 1897 1857 nervi
1920 1828 2048 1859 Facialis

517 1900 615 1936 partes
649 1898 718 1924 sunt
752 1892 987 1931 distinguendae,
1008 1897 1196 1933 respiratoria
1218 1899 1246 1925 et
1268 1896 1498 1934 manducatoria,
1531 1900 1724 1940 maioremque
1755 1901 1827 1932 baec
1848 1913 1916 1942 pars
1940 1907 2048 1934 maniu-

519 1972 626 2000 catoria
659 1971 714 1998 iam
747 1970 776 1998 in
808 1967 921 1997 modum
953 1968 1130 2006 affinitatem,
1164 1980 1238 2010 quae
1269 1972 1344 2000 inter
1375 1973 1455 2010 paria
1487 1974 1617 2013 quintum
1649 1979 1678 2005 et
1708 1978 1862 2015 septimum
1885 1979 2050 2017 intercedit,

520 2044 656 2075 ostendit.

680 2118 746 2148 Alia
766 2121 861 2147 autem
884 2122 1032 2157 praeterea
1055 2122 1102 2148 est
1123 2128 1245 2156 caussa,
1281 2130 1355 2160 quae
1386 2121 1461 2151 hanc
1490 2121 1657 2153 affinitatem
1690 2124 1820 2156 edoceat.
1862 2126 1907 2157 Ex
1938 2127 2048 2159 descri-

524 2197 621 2233 ptione
653 2194 727 2222 euim
764 2202 914 2222 nervorum
945 2203 1033 2232 supra
1064 2195 1197 2233 exposita
1222 2195 1354 2225 maxillas
1376 2207 1461 2235 quum
1485 2197 1660 2237 inferiorem,
1693 2204 1753 2230 tum
1775 2203 1951 2241 superiorem
1973 2203 2049 2234 binis

684 2364 724 2395 (l)
743 2361 811 2391 Tab.
830 2361 861 2389 ll.
888 2362 948 2397 Fig.
969 2362 1010 2395 ll.‚
1031 2362 1063 2394 C,
1082 2363 1209 2398 Fig.1n.‚
1230 2363 1263 2394 C.
1281 2378 1316 2384 -
1352 2365 1418 2395 'l'ab⁴
1432 2365 1486 2399 lll.‚
1507 2367 1566 2403 Fig.
1585 2369 1610 2398 2.
1630 2370 1656 2398 7.

684 2416 724 2448 (2)
743 2414 840 2442 Miiller
858 2414 958 2442 Archiv
977 2416 1018 2443 fiir
1037 2416 1116 2445 Anat.
1136 2420 1187 2446 cet.
1210 2417 1279 2445 1838
1297 2426 1342 2453 pg.
1360 2420 1404 2447 84.
