2149 3261
827 277 910 321 19

101 419 199 438 vorum
233 408 423 446 amplitudine
457 412 505 438 est
541 418 656 439 nervus.
698 409 792 439 Ramo
829 411 1059 439 communicante
1096 412 1122 440 is
1145 410 1180 440 ad
1204 421 1312 441 ramum
1335 412 1492 450 iugularem
1515 415 1634 452 emisso,

101 483 222 513 eandem
255 494 340 523 qnam
375 494 470 514 ramus
499 484 676 513 intestinalis
699 486 781 514 initio
804 484 964 522 ingreditur
986 487 1070 521 viam,
1093 486 1149 514 sub
1173 487 1305 516 musculo
1337 487 1498 518 abductare
1530 492 1634 530 capitis

101 561 250 598 superiore
272 564 434 589 extrorsum
456 569 489 588 se
512 564 696 591 convertens.
739 559 852 590 Deinde
874 569 931 589 una
955 569 1018 588 cum
1043 560 1179 589 musculo
1215 563 1493 600 tympanomaxillari
1525 565 1562 594 ad
1593 567 1635 595 in-

101 633 190 664 serius
219 634 381 671 descendit,
408 644 535 674 arcuque
564 636 641 665 circa
663 635 838 674 pharyngem
862 639 1027 664 antrorsum
1049 634 1141 664 flexus
1164 637 1191 664 in
1215 640 1297 674 parte
1318 636 1430 667 laterali
1453 639 1634 670 membranae

101 711 161 739 oris
184 712 322 746 internae,
345 710 537 750 maxillaeque
558 710 683 740 inferiori
705 712 781 740 satis
803 710 994 749 propinquus,
1017 710 1195 750 expanditur.

261 785 374 815 Ramus
396 786 575 815 intestinalis
597 789 666 825 post
698 785 859 815 musculum
892 785 1206 825 tympanomaxillarem
1230 786 1266 817 ad
1288 789 1436 827 posterius
1457 793 1487 819 et
1508 792 1635 821 exterius

103 858 295 899 progrediens
316 871 425 890 ramum
448 870 513 890 mox
534 860 594 890 edit
615 860 841 890 subtilissimum
865 862 987 898 (ramum
1009 862 1237 900 recurrentem),
1272 862 1308 892 ad
1341 863 1460 894 interius
1482 866 1563 895 initio
1585 865 1634 896 de-

104 934 304 972 scendentem,
325 935 378 965 sed
401 945 465 964 mox
487 937 641 965 introrsum
664 935 765 965 flexum
790 940 818 965 et
840 936 876 966 ad
899 937 1046 976 laryngem
1070 937 1266 969 accedentem.
1287 956 1326 961 --

261 1011 354 1040 Ramo
376 1015 542 1040 recurrente
563 1010 640 1040 edito
662 1013 689 1041 in
715 1016 775 1042 tres
797 1022 894 1041 ramus
917 1014 1095 1043 intestinalis
1118 1013 1255 1044 dividitur
1276 1025 1392 1046 nervos,

261 1086 376 1115 Primus
399 1088 589 1116 tenuissimus
613 1091 658 1116 est
680 1089 806 1117 omnium
828 1088 996 1127 ramuloqne
1019 1091 1121 1126 exiguo
1154 1091 1182 1119 in
1209 1090 1370 1119 musculum
1393 1091 1548 1120 levatorem
1570 1101 1635 1122 sca—

97 1160 187 1206 pulae
209 1161 352 1191 inferioris
375 1164 484 1191 emisso
506 1162 542 1191 ad
566 1165 710 1202 posterius
733 1173 766 1193 se
788 1165 932 1193 convertit
953 1173 1076 1203 eumque
1109 1165 1271 1194 musculum
1298 1167 1415 1195 instruit
1439 1167 1552 1203 nervis,
1587 1168 1636 1206 qui

101 1245 135 1264 cx
158 1237 269 1265 interno
292 1237 430 1276 scapulae
452 1237 596 1267 inferioris
620 1238 711 1267 latere
733 1240 828 1268 oriens
851 1241 922 1277 parti
947 1241 1078 1269 internae
1096 1240 1235 1280 scapulae
1257 1242 1418 1280 superioris
1440 1243 1585 1275 inseritur.
1600 1262 1635 1267 —

98 1310 272 1347 Secundus,
295 1312 439 1341 volumine
461 1313 544 1341 tacile
565 1314 777 1351 amplissimus,
799 1313 834 1344 ad
857 1313 976 1344 inferius
999 1319 1027 1344 et
1049 1317 1171 1346 interius
1196 1326 1230 1345 se
1257 1318 1411 1354 convertit,
1432 1321 1461 1347 et
1483 1319 1511 1347 in
1539 1317 1638 1357 plures

102 1395 167 1414 mox
190 1385 305 1415 divisus
327 1396 435 1423 ramos,
457 1397 558 1417 omnes
581 1398 633 1417 eos
655 1387 692 1417 ad
716 1390 813 1418 varias
835 1390 1038 1418 intestinorum
1061 1394 1160 1428 partes
1174 1392 1268 1421 mittit.

263 1460 382 1490 Tertius
405 1460 529 1499 denique
563 1471 721 1499 ramorum,
756 1465 784 1491 in
817 1472 890 1501 quos
922 1473 1020 1492 ramus
1053 1465 1231 1494 intestinalis
1263 1464 1434 1495 dissolvitur
1465 1476 1572 1497 nervus
1592 1474 1638 1498 est

102 1535 187 1566 valde
209 1537 349 1575 insignis,
385 1547 441 1576 quo
464 1538 589 1566 omnium
622 1547 695 1576 quae
727 1539 901 1576 investigavi
925 1537 1145 1578 Amphibiorum
1179 1539 1318 1569 nudorum
1341 1540 1404 1570 sola
1427 1551 1533 1579 genera
1554 1542 1638 1582 Pipa,

104 1611 218 1648 Triton,
240 1611 378 1648 Proteus,
402 1611 529 1641 Caecilia
553 1616 621 1641 sunt
643 1613 800 1643 instructa:
822 1623 956 1643 nervus
979 1613 1163 1644 lateralis.
1198 1614 1273 1644 lnlra
1297 1616 1458 1646 musculum
1480 1616 1637 1648 levatorem

101 1687 242 1726 scapulae
274 1687 418 1716 inferioris
451 1689 476 1716 is
508 1686 544 1716 ad
568 1687 686 1717 inferius
708 1692 737 1718 et
759 1690 887 1718 exterius
913 1698 946 1718 se
969 1693 1144 1719 convertens
1166 1688 1201 1719 ad
1225 1690 1393 1726 musculos,
1429 1695 1582 1732 cutemque
1604 1703 1638 1723 os

102 1762 250 1792 brachium
282 1766 428 1800 tegentem
461 1761 584 1799 accedit,
607 1765 690 1803 eique
722 1765 886 1793 arctissime
921 1764 1083 1794 adhaerens
1118 1767 1277 1803 posteriora
1310 1767 1392 1805 petit.
1434 1765 1501 1804 Qua
1533 1769 1559 1796 in
1592 1771 1639 1798 via

103 1839 232 1868 ramulos
255 1839 392 1867 continuo
415 1839 589 1876 perexiguos
621 1840 649 1868 in
682 1844 776 1869 cutem
800 1842 935 1870 emittens
967 1842 995 1870 in
1018 1850 1050 1869 ea
1084 1842 1149 1880 ipsa
1164 1843 1280 1880 positus
1302 1846 1351 1870 est
1373 1841 1462 1878 linea,
1497 1841 1546 1872 ubi
1568 1842 1639 1873 haec

104 1924 169 1944 cum
192 1923 314 1952 corpore
336 1915 446 1943 arctius
470 1913 617 1945 cohaeret.
658 1914 722 1944 Sub
745 1917 826 1944 initio
849 1915 964 1945 tandem
988 1915 1092 1954 pedum
1115 1918 1307 1955 posteriorum
1330 1921 1523 1956 perine-antem
1545 1928 1639 1958 usque

104 1988 141 2019 ad
163 1991 254 2028 ipsam
277 1988 335 2018 iere
356 1991 403 2019 ani
426 1993 588 2028 aperturam
612 1990 689 2020 hunc
711 2000 820 2020 ramum
842 2000 906 2020 sum
930 1995 1112 2030 persecutus.

265 2064 392 2094 Nervum
415 2065 681 2095 Accessorium
705 2065 884 2103 Willisii,
922 2076 977 2106 quo
999 2067 1093 2096 solum
1125 2077 1220 2105 genus
1243 2066 1315 2107 Pipa
1338 2069 1469 2098 seiuncto
1490 2079 1526 2099 ac
1547 2069 1637 2100 libero

105 2146 150 2170 est
172 2142 353 2177 instructum,
377 2141 523 2170 musculos
547 2140 724 2172 abductor-es
748 2143 854 2181 capitis
877 2144 1020 2172 instruere
1043 2143 1190 2173 fasciculis
1213 2145 1285 2180 suis,
1308 2154 1395 2183 supra
1417 2146 1472 2174 iam
1495 2149 1540 2174 ent
1562 2155 1638 2175 com-

107 2222 303 2248 memoratum,

266 2291 535 2331 Hypoglossus
558 2292 691 2332 denique,
725 2295 773 2332 qui
805 2295 833 2323 in
856 2293 989 2324 omnibns
1014 2295 1133 2334 reliquis
1155 2294 1320 2325 Batrachiis
1342 2297 1422 2335 primi
1445 2297 1524 2325 nervi
1547 2299 1638 2325 cervi-

111 2369 183 2397 calis
207 2367 326 2407 praebet
349 2369 485 2406 speciem,
510 2370 624 2397 omnino
649 2369 765 2399 diversa
788 2371 815 2399 in
839 2369 913 2409 Pipa
936 2370 1085 2407 dorsigcra
1109 2370 1256 2409 praeditus
1279 2375 1324 2400 est
1346 2370 1444 2408 forma,
1466 2373 1571 2411 quippe
1593 2376 1640 2411 qni

109 2443 222 2474 duobus
256 2445 343 2472 ramis
376 2453 391 2471 e
424 2443 507 2481 plexu
540 2443 676 2474 brachiali
710 2445 868 2475 orientibus
903 2446 941 2475 ibi
965 2451 1159 2486 componatur.
1203 2446 1319 2476 Nervus
1347 2446 1471 2486 spinalis
1491 2447 1640 2478 secundus

1397 2495 1429 2521 3*
