2149 3261
1223 295 1305 339 32

493 430 529 460 ad
552 430 715 460 musculum
740 426 963 466 omohyoideum
985 425 1099 456 accedit
1127 435 1250 465 eumque
1272 428 1301 454 et
1323 424 1484 454 musculum
1507 423 1786 462 hehosteoglossum
1804 423 2030 462 (Sieboldt(l))

494 506 590 534 nervis
623 506 751 535 instruit.
794 502 871 532 Inter
903 502 1054 531 musculos
1088 500 1309 540 omoliyoideuui
1342 504 1371 530 et
1403 499 1680 539 sternomyloideum
1714 500 1831 538 longum
1845 500 1891 538 (2)
1926 499 2031 530 deinde

492 584 655 609 autrorsum
688 577 890 618 progrediens,
922 579 950 607 in
978 577 1054 606 hunc
1076 576 1237 606 musculum
1261 580 1291 606 et
1313 577 1341 605 in
1365 575 1439 605 duos
1461 575 1693 614 geniohyoideos
1716 577 1821 605 emittit
1842 585 1947 612 ramos,
1971 586 2029 615 quo

494 655 573 684 facto
607 665 640 684 os
671 653 827 693 hyoideum
861 657 1075 691 transgressus,
1107 654 1202 682 antice
1234 654 1309 681 inter
1340 651 1416 681 duos
1449 651 1598 681 musculos
1620 651 1828 689 genioglossos
1850 652 1878 680 iu
1900 651 2028 688 linguam

493 733 588 762 intrat.

1195 802 1220 838 ξ.
1263 803 1308 833 ll.

651 879 775 909 Jamiam
809 878 968 918 descriptis
1003 877 1120 907 uberius
1153 877 1363 907 salamandrae
1396 878 1493 907 nervis
1516 876 1714 907 cerebralibus
1742 876 1907 907 discrimina
1930 875 2029 906 videa-

491 965 571 992 mus,
594 955 701 993 quibus
724 954 759 984 ab
782 953 863 983 illius
885 953 972 982 fornia
994 963 1088 991 genus
1111 952 1248 982 Triton
1272 953 1400 984 recedat.
1443 953 1572 991 Quorum
1601 963 1688 992 quum
1711 951 1787 982 haud
1814 955 1853 982 ita
1875 952 1964 982 multa
1988 954 2030 981 in-

491 1032 659 1066 veniantur,
695 1031 785 1065 viam,
821 1038 906 1067 quam
929 1028 1008 1056 illius
1031 1037 1136 1056 nervos
1160 1027 1278 1057 uberius
1300 1027 1494 1057 describendo
1516 1029 1661 1066 persecuti
1684 1037 1796 1064 sumus,
1823 1027 2031 1066 relinquenteS,

489 1115 671 1134 summorum
697 1107 818 1140 tantum,
840 1103 947 1142 quibus
970 1103 1054 1132 ambo
1078 1105 1152 1132 iuter
1174 1113 1207 1132 se
1229 1102 1371 1140 differant,
1394 1105 1568 1133 mentionem
1590 1103 1730 1133 faciemus
1753 1106 1970 1134 momentorum.

655 1179 695 1209 Et
717 1178 831 1218 quidem
854 1180 974 1218 primum
997 1179 1125 1216 origines
1147 1188 1298 1207 nervorum
1324 1183 1509 1217 spectantes,
1544 1180 1639 1208 omnia
1671 1179 1729 1209 fere
1761 1178 1890 1208 eiusdem
1922 1178 2030 1208 formae

488 1257 670 1291 invenimus,
693 1265 774 1293 quam
800 1256 827 1283 in
851 1253 1057 1284 Salamandra.
1105 1253 1420 1283 Oculomotorius
1438 1253 1485 1291 (3)
1507 1253 1627 1284 eandem
1650 1254 1737 1283 hahet
1759 1255 1914 1291 originem,
1943 1262 2029 1290 quum

489 1334 588 1360 contra
611 1331 720 1370 pariter
741 1334 827 1368 atque
850 1329 909 1358 illic
933 1330 1011 1357 nervi
1034 1328 1219 1367 pathetici
1244 1329 1352 1358 nullam
1383 1331 1579 1358 invenerimus
1608 1328 1744 1359 radicem.
1787 1328 1879 1357 Solus
1903 1326 2029 1364 Trige-

488 1407 611 1434 miuus
636 1404 754 1443 aliquod
778 1403 893 1432 exhibet
916 1403 1085 1440 discrimen,
1107 1413 1192 1442 quum
1215 1402 1296 1432 radix
1317 1413 1333 1433 a
1357 1405 1435 1442 paris
1458 1406 1575 1442 septimi
1598 1405 1708 1442 origine
1730 1405 1758 1432 in
1781 1404 1874 1441 ipsius
1890 1402 2028 1439 ganglion

487 1483 577 1509 missa
593 1480 641 1516 (4)
667 1479 818 1518 aliquanto
841 1479 958 1506 maioris
982 1479 1019 1506 sit
1043 1478 1200 1507 voluminis
1232 1487 1316 1516 quam
1350 1480 1377 1507 in
1402 1478 1451 1507 illo
1473 1488 1593 1516 genere,
1631 1480 1669 1507 ita
1693 1482 1724 1507 ut
1746 1479 1837 1517 primo
1861 1477 1962 1507 obtutu
1986 1476 2027 1506 fa-

646 1712 685 1742 (l)
706 1711 722 1736 l.
742 1710 761 1735 l.
781 1717 825 1744 pg.
846 1710 880 1735 ‘20
900 1708 1015 1744 Fig.1·.‘,
1043 1711 1075 1737 13
1094 1713 1122 1737 et
1143 1712 1183 1742 14,
1203 1719 1237 1739 m.
1275 1710 1406 1738 Nascitur
1438 1711 1479 1738 liic
1504 1711 1640 1738 musculus
1666 1719 1700 1737 ex
1726 1719 1792 1737 osse
1816 1711 1895 1746 pubis
1921 1716 1948 1738 et
1982 1720 2023 1738 an-

487 1769 603 1791 tron-sum
624 1762 789 1798 procedenS,
817 1771 865 1797 per
885 1762 1002 1789 foramen
1022 1764 1337 1798 acuminato-ellipticum
1361 1764 1462 1798 (Funk)
1488 1766 1561 1791 ossis
1592 1764 1699 1799 hyoidei
1722 1765 1828 1791 tandem
1859 1773 2024 1799 pergressus

485 1820 508 1844 in
527 1818 641 1851 linguam
662 1817 802 1843 inseritur.

644 1871 682 1902 (⁶2)
703 1869 978 1903 Geniotliyreoideum
1004 1869 1081 1895 Sieb.
1111 1870 1164 1897 Ι.1.
1193 1870 1252 1905 Fig.
1274 1872 1314 1902 1‘2,
1336 1880 1359 1899 e.
1399 1871 1518 1905 infigitur
1546 1871 1623 1897 huius
1653 1871 1763 1897 musculi
1794 1879 1858 1906 pars
1887 1873 2024 1906 posterior

484 1924 604 1951 ossiculo
625 1931 710 1958 parvo
731 1922 883 1956 triangulari
904 1922 992 1956 paullo
1019 1927 1081 1949 ante
1107 1924 1279 1958 cartilagines
1309 1924 1485 1951 claviculares
1515 1925 1617 1959 posito,
1657 1924 1706 1950 Cui
1728 1925 1832 1959 quidem
1853 1925 2024 1951 doctissimus

485 1977 611 2004 Stoboldt
632 1985 727 2002 nomen
749 1975 896 2010 thyreoidei
917 1976 1051 2010 imposuit.
1073 1975 1142 2002 haud
1164 1986 1259 2012 magno
1280 1982 1376 2008 tamen,
1398 1982 1425 2003 ut
1446 1978 1558 2009 videtur,
1580 1986 1638 2004 cum
1658 1980 1722 2008 iure,
1752 1986 1830 2012 quum
1851 1978 1946 2004 nullam
1967 1978 2023 2004 fere

490 2031 514 2057 id
536 2030 684 2057 ossiculum
711 2038 769 2054 cum
796 2029 904 2062 larynge
928 2028 1025 2054 habeat
1046 2029 1248 2056 similitudinem.
1287 2031 1413 2057 Ceterum
1443 2031 1590 2065 perdoctus
1621 2032 1659 2056 vir
1687 2032 1798 2056 niinime⁴
1827 2036 1853 2057 ut
1878 2033 1936 2066 ipse
1962 2040 2022 2057 con>

487 2084 581 2115 tendit,
603 2085 703 2118 primus
727 2083 781 2110 suit,
804 2083 847 2116 qui
868 2081 919 2108 hoc
940 2082 1085 2108 ossiculum
1111 2083 1286 2114 describeret,
1314 2092 1392 2117 quum
1419 2085 1468 2109 iarn
1494 2083 1683 2110 celeberrimus
1704 2083 1811 2110 Meckel
1831 2084 1953 2119 (System
1974 2085 2023 2111 der

485 2138 567 2171 vei-gl.
590 2138 666 2162 Anat.
688 2136 729 2162 ll..
754 2137 774 2165 1,
795 2143 839 2169 pg.
860 2135 923 2167 392)
945 2135 1052 2161 uberius
1073 2135 1106 2161 (le
1127 2144 1159 2161 eo
1180 2136 1348 2162 disseruerit.
1387 2136 1492 2162 Mevkel
1523 2141 1611 2162 autem
1637 2136 1688 2163 hoc
1714 2137 1859 2164 ossiculum
1891 2138 1922 2163 ad
1956 2143 2022 2164 ster·

483 2199 542 2217 num
563 2190 696 2224 pertinere
718 2188 851 2218 iudicavit,
877 2187 948 2221 quod
975 2188 1060 2214 tribus
1085 2190 1109 2215 in
1129 2188 1301 2215 Salamandra
1326 2191 1503 2224 compositum
1524 2191 1557 2216 sit
1578 2189 1705 2225 partibus,
1735 2191 1858 2217 omnibus
1878 2191 1965 2226 aliquo
1987 2193 2022 2217 in-

483 2245 596 2270 teriecto
617 2242 707 2276 spatio
734 2241 872 2267 seiunctis,
911 2240 1027 2273 Quarum
1049 2243 1154 2276 primam
1175 2242 1365 2268 celeberrimus
1386 2244 1425 2268 vir
1444 2242 1477 2268 ab
1499 2242 1558 2274 hoc,
1579 2244 1612 2269 «le
1633 2252 1685 2278 quo
1697 2252 1765 2270 nunc
1779 2246 1866 2278 agitur
1885 2246 2017 2273 ossiculo.

484 2296 627 2323 secundam
648 2303 661 2320 a
683 2294 836 2327 cartilagine
851 2294 979 2327 quadrata
1000 2294 1088 2326 (ank
1107 2295 1123 2321 Ι.
1143 2295 1158 2323 Ι.
1180 2295 1245 2323 Tali.
1261 2295 1290 2323 ll.
1313 2295 1371 2330 Fig.
1386 2297 1427 2323 20.
1449 2298 1495 2331 g.)‚
1521 2298 1624 2324 tertiam
1650 2305 1665 2324 a
1686 2298 1839 2332 cartilagine
1865 2298 2017 2333 ypsiloidea

482 2357 567 2384 prope
586 2357 619 2375 os
639 2348 717 2382 pubis
738 2349 788 2373 sita
811 2347 916 2373 formari
938 2348 1083 2375 contendit.

642 2402 681 2433 (3)
702 2400 769 2426 Tab.
789 2400 819 2428 ll.
853 2399 910 2434 Fig.
932 2401 985 2432 ΙΙΙ,
1005 2402 1031 2429 3.

642 2455 680 2487 (4)
702 2454 759 2488 Fig.
781 2454 832 2485 lll.‚
853 2462 882 2481 ιι.
