2149 3261
1211 289 1298 335 52

491 425 630 454 musculis
662 424 773 452 narium
805 420 958 452 finiendus.
999 419 1055 450 Est
1086 421 1174 457 igitur
1208 419 1253 449 hic
1285 430 1400 456 ramus,
1436 429 1519 458 quem
1551 420 1580 448 in
1604 418 1725 449 Tritone
1748 419 1814 449 solo
1837 424 2022 458 segregatum

489 498 624 534 vidimus,
656 499 684 526 in
707 495 898 526 Salamandra
931 506 996 525 cum
1018 505 1097 525 ramo
1122 495 1213 525 nasali
1244 497 1321 534 paris
1345 495 1436 534 quinti
1460 495 1645 526 coniunctus.
1688 494 1772 524 Unde
1796 505 1853 524 non
1876 495 1970 524 solum
1994 496 2023 525 in

489 570 721 602 Salamandrinis
753 570 806 600 sed
838 573 923 601 etiam
960 571 988 599 in
1023 569 1185 600 Ecaudatis
1218 570 1344 599 ramulos
1373 569 1440 598 illos
1462 579 1478 598 a
1501 568 1669 608 Trigemino
1693 571 1720 598 in
1745 569 1891 599 musculos
1914 571 2024 599 narium

489 649 614 677 emissos
636 645 672 676 ad
694 645 841 675 Facialem
864 655 933 675 esse
954 644 1133 681 referendos,
1156 655 1239 674 nemo
1264 647 1326 680 erit,
1349 646 1417 684 quin
1442 644 1525 674 facile
1548 644 1699 682 intelligat.

650 721 736 750 Nunc
756 720 870 750 demum
893 723 986 749 totum
1007 721 1163 758 septimum
1186 729 1247 759 par,
1271 729 1433 758 omnesque
1455 721 1550 759 ipsius
1572 721 1642 748 rami
1666 721 1694 748 in
1720 719 1885 749 Batrachiis
1901 723 2027 759 possunt

490 797 620 834 agnosci.
662 795 701 825 Et
733 795 846 825 videtur
876 794 992 833 quidem
1024 798 1125 834 patere
1147 805 1182 825 ex
1204 796 1250 831 iis,
1274 803 1349 833 quae
1372 793 1459 823 modo
1496 796 1712 834 praemisimus,
1734 799 1842 824 tantam
1865 794 1942 823 hunc
1964 804 2027 822 ner-

490 881 567 908 vum,
600 872 647 908 qui
679 870 832 910 hucusque
860 874 917 899 tam
940 879 1049 909 parvus
1071 869 1149 909 apud
1172 869 1327 899 Batracbia
1351 873 1396 898 est
1417 868 1544 905 habitus,
1566 870 1709 908 cuiusque
1729 869 1800 899 haec
1821 869 1957 899 animalia
1980 870 2027 898 vix

489 946 682 976 rudimentum
717 944 824 974 habere
860 944 1061 981 credebantur,
1096 944 1230 983 amplecti
1267 943 1504 982 magnitudinem,
1540 947 1676 984 quantam
1719 946 1766 973 vix
1807 946 1886 973 nervi
1924 943 2028 973 Facia-

490 1022 526 1050 lis
559 1020 647 1049 torma
679 1021 708 1048 in
741 1019 854 1048 bomine
887 1023 1014 1057 superet.
1058 1018 1177 1048 Instruit
1200 1020 1284 1055 enim,
1307 1022 1338 1047 ut
1359 1019 1462 1057 paucis
1484 1022 1626 1058 repetam:
1650 1021 1679 1048 in
1702 1018 1934 1049 Salamandrinis
1956 1028 2025 1047 con-

491 1097 641 1124 strictores
676 1093 749 1123 duos
782 1094 921 1129 taucium3
944 1094 971 1122 in
995 1092 1156 1122 Ecaudatis
1181 1093 1341 1123 musculum
1365 1092 1598 1132 stylohyoideum
1621 1096 1794 1124 anteriorem
1818 1099 1845 1123 et
1869 1093 2027 1122 vesiculam

491 1169 648 1208 iugularem
685 1169 818 1204 marium;
852 1170 880 1197 in
915 1169 1064 1207 utriusque
1096 1167 1218 1197 familiae
1251 1168 1408 1205 generibus
1441 1173 1605 1208 praeterea:
1627 1169 1776 1198 musculos
1799 1170 1917 1204 uarium,
1940 1178 2028 1197 mem-

491 1245 608 1275 branam
630 1244 718 1284 palati
740 1246 770 1272 et
792 1242 983 1272 membranam
1006 1245 1146 1273 internam
1169 1245 1228 1272 oris
1252 1243 1384 1272 maxillae
1406 1242 1557 1275 interioris.

649 1317 825 1358 Priusquam
863 1321 957 1347 autem
991 1318 1073 1347 bisce
1106 1317 1142 1347 de
1175 1320 1285 1356 parium
1323 1320 1413 1358 quinti
1447 1322 1476 1347 et
1507 1320 1623 1357 septimi
1647 1322 1748 1348 natura
1771 1317 2027 1357 disquisitionibus

488 1395 669 1433 imponamus
695 1392 789 1429 finem,
816 1392 972 1422 discrimen
994 1391 1080 1422 valde
1101 1392 1249 1430 singulare
1270 1391 1462 1432 spectandum
1484 1394 1548 1429 erit,
1585 1403 1641 1432 quo
1662 1393 1826 1422 animalium
1849 1394 2029 1432 superiorum

490 1472 620 1507 systema
652 1477 807 1498 nervosum
839 1467 876 1496 ab
909 1477 944 1496 eo
967 1466 1184 1496 Batrachiorum
1208 1466 1328 1498 differat.
1370 1465 1482 1495 Ramus
1505 1467 1650 1506 palatinus
1674 1468 1748 1496 enim
1772 1467 1808 1503 (r,
1830 1466 2027 1506 sphenopala-

492 1543 596 1579 tinus),
627 1544 674 1580 qui
707 1543 735 1570 in
768 1541 827 1570 illis
849 1551 865 1570 a
889 1540 1056 1578 Trigemino
1078 1550 1195 1579 semper
1216 1542 1365 1577 emittitur,
1388 1542 1417 1570 in
1439 1541 1526 1570 buius
1548 1540 1658 1570 ordinis
1680 1541 1836 1579 generibus
1858 1552 1893 1571 ex
1915 1541 2027 1571 Faciali

492 1617 598 1657 ubique
631 1617 730 1650 oritur,
766 1617 886 1653 eiusque
921 1616 959 1643 ita
991 1618 1038 1643 est
1073 1617 1217 1653 proprius,
1250 1619 1288 1651 ut,
1320 1617 1397 1644 sicut
1419 1614 1638 1645 demonstrasse
1660 1625 1714 1645 nos
1737 1620 1881 1655 putamus,
1904 1618 2026 1646 minime

491 1691 530 1721 ad
553 1690 748 1728 Trigeminum
770 1690 809 1718 sit
831 1687 1007 1718 referendus.
1050 1687 1138 1725 Quod
1161 1687 1313 1718 discrimen
1337 1699 1440 1727 magna
1463 1689 1658 1726 solummodo,
1681 1694 1711 1719 ut
1734 1690 1855 1726 videtur,
1878 1690 2026 1728 affinitate,

493 1776 566 1804 quae
588 1767 661 1795 inter
684 1773 790 1793 nervon
812 1762 960 1792 Facialem
984 1765 1012 1791 et
1035 1761 1234 1800 Trigeminum
1256 1763 1420 1800 intercedit,
1442 1766 1549 1802 poterit
1571 1764 1716 1803 explicari.

650 1838 716 1876 Qua
750 1837 785 1866 de
816 1836 966 1873 affinitate,
998 1847 1084 1875 quum
1112 1837 1160 1867 hic
1182 1838 1280 1877 paullo
1305 1838 1424 1868 uberius
1446 1839 1532 1868 nobis
1555 1841 1595 1868 sit
1617 1838 1830 1876 disserendum,
1852 1840 1947 1870 facere
1969 1851 2027 1870 uon

493 1923 660 1953 possumus,
695 1913 763 1951 quin
796 1911 831 1941 de
864 1921 960 1941 errore
992 1910 1186 1949 dehortemur,
1209 1914 1237 1942 in
1260 1923 1344 1951 quem
1367 1912 1449 1943 tacite
1470 1913 1587 1952 aliquis,
1609 1913 1828 1944 Batrachiorum
1853 1924 1958 1945 nervos
1980 1925 2028 1945 ce-

493 1988 621 2018 rebrales
656 1988 825 2025 inspiciens,
861 1987 953 2025 possit
989 1985 1123 2015 incidere.
1167 1986 1212 2017 Ex
1247 1997 1282 2017 eo
1317 1989 1404 2024 enim,
1440 1987 1516 2027 quod
1551 1990 1630 2027 paria
1666 1990 1796 2028 quintum
1819 1993 1848 2018 et
1869 1991 2024 2027 septimum

494 2065 522 2092 in
554 2061 713 2092 Ecandatis
745 2062 910 2091 arctissime
932 2067 1001 2090 sunt
1023 2063 1177 2091 coniuncta
1200 2066 1229 2091 et
1250 2062 1326 2100 quod
1348 2064 1418 2092 rami
1441 2064 1521 2092 nervi
1543 2062 1671 2092 Facialis
1693 2073 1727 2092 ex
1748 2062 1849 2092 eodem
1871 2073 1936 2093 cum
1959 2063 2025 2093 Tri-

494 2139 598 2176 gemini
632 2138 728 2165 nervis
761 2137 927 2165 emittuntur
958 2135 1086 2173 ganglio‚
1119 2136 1271 2166 conclusio
1303 2146 1336 2166 se
1371 2138 1435 2175 ipsa
1466 2136 1524 2166 fere
1546 2137 1685 2176 praebere
1706 2136 1830 2174 videtur,
1851 2137 1974 2169 formare
1996 2140 2024 2168 in

496 2211 658 2241 Batrachiis
693 2209 750 2239 duo
786 2210 857 2240 haec
894 2212 973 2249 paria
1009 2220 1095 2239 unum
1132 2210 1267 2250 idemque
1298 2215 1428 2249 systema
1463 2221 1627 2249 nervosum,
1649 2213 1731 2242 cuius
1753 2211 1883 2242 Facialis
1905 2217 1933 2243 et
1956 2213 2023 2243 Tri-

495 2287 627 2325 geminus
648 2284 781 2322 singulae
802 2286 862 2314 sint
883 2290 990 2323 partes.
1033 2284 1118 2323 Quae
1139 2289 1235 2314 tamen
1257 2287 1402 2315 sententia
1425 2289 1543 2316 naturae
1565 2296 1662 2325 parum
1685 2289 1843 2317 convenire
1864 2287 1984 2318 videtur.

653 2358 684 2388 ln
717 2359 843 2397 cordylis
877 2361 950 2388 enim
984 2358 1197 2389 Ecaudatorum
1219 2369 1281 2398 par
1303 2361 1491 2398 septimum
1516 2371 1591 2390 cum
1614 2361 1824 2400 Trigemino
1847 2373 1914 2392 non
1944 2373 2024 2393 con—

497 2437 654 2465 iunctum
687 2436 841 2469 invenitur,
872 2433 926 2464 sed
959 2438 1110 2473 utrumque
1133 2433 1252 2464 liberum
1275 2444 1310 2464 ac
1331 2437 1494 2465 seiunctum
1518 2435 1680 2475 procedens
1701 2437 1819 2475 ganglio
1841 2439 1955 2477 proprio
1978 2442 2023 2467 est

2127 3231 2141 3261 ⁹³
2136 3194 2139 3207 „r
