2149 3261
830 292 912 338 13

105 427 254 466 posterius
289 435 323 455 se
355 430 529 455 convertens
560 426 589 455 in
617 435 651 455 eo
673 425 769 455 linitur
790 426 932 463 musculo,
953 427 1001 465 qni
1024 435 1058 456 ex
1081 427 1192 456 interno
1214 427 1355 466 scapulae
1375 426 1522 457 interioris
1544 427 1635 457 latere

104 511 232 532 nascens
255 503 396 540 superiori
418 502 496 530 ossis
518 499 626 530 brachii
648 503 722 539 parti
746 502 892 532 inseritur.

262 576 442 607 Discrimina
471 577 497 605 si
529 585 605 605 nune
637 578 692 606 iam
723 579 903 615 spectamus,
935 574 1041 614 quibus
1063 584 1170 613 genera
1192 572 1287 614 Hyla
1310 580 1339 605 et
1360 575 1461 606 Rana
1482 587 1499 606 a
1522 576 1635 607 Bulone

101 651 245 689 differant,
277 654 398 691 primum
431 661 530 680 eorum
557 653 585 680 in
607 660 643 680 eo
665 654 711 680 est
732 652 870 689 positum,
891 648 967 689 quod
989 659 1040 689 par
1061 653 1175 680 sextum
1198 652 1226 679 in
1250 649 1362 680 Rusone
1382 651 1540 690 palmarum
1563 651 1634 681 libe-

98 738 160 758 rum
182 732 212 757 et
233 729 396 757 seiunctum
419 736 434 755 e
456 728 553 755 cranio
575 725 728 764 egrediens
749 727 777 754 iu
800 725 860 754 illis
883 735 946 755 cum
970 724 1139 763 Trigemino
1161 729 1208 756 est.
1229 727 1422 763 coniunctum,
1446 725 1524 756 unde
1545 728 1631 756 etiam

97 813 217 840 ramum,
251 803 299 841 qui
332 802 484 831 musculos
516 805 624 830 rectum
639 823 642 831 ;
657 804 806 829 externum
829 805 857 830 et
878 801 1101 840 suspensorium
1125 802 1242 831 instruit
1265 803 1374 838 nervis,
1395 812 1412 831 e
1433 811 1514 831 ramo
1538 802 1631 832 nasali

100 878 259 917 Trigeuniui
280 878 382 914 emitti,
405 887 462 906 non
484 880 530 906 est
553 873 630 913 quod
653 876 794 904 miremur.

256 952 354 982 Trium
376 951 499 987 illarum,
522 949 629 989 quibus
652 951 680 980 in
702 950 816 981 Bulone
838 952 929 980 oritur
951 950 1065 989 Vagus,
1086 950 1228 988 radicum,
1249 961 1334 981 unam
1357 955 1468 982 tantum
1486 954 1514 982 in
1537 952 1632 990 Rana,

100 1028 173 1058 duas
205 1030 232 1057 in
261 1037 367 1066 genere
388 1025 463 1065 Hyla
476 1027 523 1063 (l)
546 1027 652 1055 inveni.
694 1025 792 1065 Ipsius
817 1024 891 1064 Vagi
914 1036 1012 1056 ramus
1035 1031 1188 1064 cutaneus,
1209 1028 1257 1066 qui
1279 1026 1446 1065 glandulam
1471 1027 1630 1067 parotidem

95 1103 218 1135 Bufonis
239 1103 356 1132 instruit
377 1103 486 1138 nervis,
502 1103 530 1131 in
547 1101 636 1138 hisce,
658 1101 694 1130 de
716 1101 822 1141 quibus
843 1112 920 1131 nunc
941 1103 1046 1140 agitur,
1067 1102 1224 1140 generibus
1247 1103 1275 1132 in
1299 1106 1376 1138 cute,
1398 1112 1454 1141 qua
1479 1104 1576 1132 cervix
1598 1106 1625 1132 et

96 1178 216 1218 scapula
237 1177 352 1207 inferior
372 1182 441 1207 sunt
463 1181 567 1213 tectae,
589 1177 694 1208 finitur.
723 1176 848 1207 ‘Ramus
870 1187 1021 1207 recurrens
1043 1187 1128 1216 porro
1151 1177 1241 1208 multo
1263 1178 1416 1217 amplioris
1437 1181 1484 1207 est
1506 1177 1631 1207 volumi-

98 1255 144 1283 nis
166 1255 194 1283 in
216 1253 293 1292 Hyla
315 1258 344 1284 et
364 1252 447 1283 Rana
470 1263 554 1292 quam
576 1254 604 1282 in
626 1251 750 1284 Bufone.
792 1251 1025 1282 coniunctiones
1048 1252 1173 1292 denique
1194 1263 1359 1290 nervorum,
1382 1263 1457 1293 quas
1483 1255 1512 1282 in
1545 1252 1632 1290 Vago

99 1334 131 1359 et
162 1328 351 1368 Hypoylosso
384 1328 504 1357 Busonis
538 1327 740 1356 describendis
775 1330 1008 1365 commemoravi,
1037 1332 1066 1357 et
1088 1338 1162 1368 quae
1184 1327 1300 1359 duobus
1322 1329 1404 1358 hisce
1427 1330 1524 1358 nervis
1547 1329 1633 1358 unius

98 1404 157 1433 fere
178 1412 330 1432 nervorum
353 1402 455 1441 plexus
477 1401 595 1431 formam
617 1406 730 1440 parant,
751 1411 845 1440 neque
865 1403 893 1432 in
916 1401 993 1440 Hyla
1014 1412 1109 1441 neque
1130 1404 1159 1432 in
1181 1402 1267 1432 Rana
1288 1405 1484 1434 inveniuntur.

254 1476 375 1507 Praeter
385 1486 420 1506 ea
441 1480 548 1512 autem,
568 1485 643 1514 quae
665 1474 750 1504 modo
771 1477 995 1512 nominavimus,
1007 1475 1174 1506 discrimina
1203 1477 1305 1506 horum
1328 1487 1477 1515 generum,
1498 1478 1554 1508 alia
1567 1480 1632 1518 qni-

97 1554 161 1583 dem
193 1552 333 1583 nonnulla
365 1553 559 1588 inveniuntur,
584 1552 680 1581 minus
707 1555 802 1581 tamen
826 1550 914 1588 digna
935 1554 1014 1587 suut,
1037 1561 1112 1590 quae
1134 1557 1405 1590 commemorentur,
1427 1554 1535 1592 quippe
1557 1562 1632 1592 quae

98 1639 132 1658 ex
160 1629 224 1658 sola
261 1627 459 1656 musculorum
487 1625 665 1665 quorundam
688 1629 798 1655 mutata
819 1627 930 1654 ratione
952 1625 1086 1665 solisque
1109 1625 1235 1655 diversis
1258 1626 1438 1665 quorundam
1460 1638 1633 1666 organorum

97 1705 195 1733 toi-mis
216 1702 370 1743 pendeant.
413 1702 475 1738 Sic,
498 1706 530 1731 ut
552 1711 637 1731 unum
660 1704 772 1730 tantum
794 1701 928 1738 afferam,
949 1711 1047 1730 ramus
1069 1701 1216 1740 palatinus
1240 1700 1410 1740 Trigemini,
1433 1704 1481 1742 qui
1514 1705 1542 1732 in
1574 1703 1632 1733 Bu-

97 1779 163 1809 fone
185 1782 264 1808 recta
287 1776 322 1807 ad
345 1778 475 1807 anterius
497 1776 690 1816 progreditur,
711 1778 740 1806 in
762 1776 888 1813 duobus,
911 1775 946 1806 de
969 1775 1075 1814 quibus
1097 1786 1174 1806 nunc
1195 1778 1321 1815 agimus,
1343 1778 1501 1815 generibus
1537 1788 1634 1808 vome-

99 1857 140 1885 ris
162 1863 334 1893 processum
357 1851 507 1883 dentatum
531 1852 602 1890 (quo
624 1851 740 1891 quidem
763 1851 836 1881 Bulo
859 1852 952 1889 caret)
975 1851 1181 1888 transscendit,
1204 1851 1309 1882 deinde
1332 1854 1434 1882 iterum
1457 1853 1493 1882 ad
1515 1852 1633 1883 inferius

99 1930 190 1960 flexus
212 1931 240 1959 in
262 1928 427 1957 membrana
449 1927 537 1966 palati
560 1929 703 1957 anteriore
725 1926 830 1959 finitur.
851 1944 890 1949 —

817 2002 843 2039 ᾗ.
885 2004 912 2032 4.

258 2078 348 2116 Pipa
382 2077 586 2115 dorsigera,
623 2080 708 2107 cuius
731 2080 848 2116 egregie
880 2082 1085 2108 conservatum
1118 2078 1278 2118 exemplum
1302 2087 1422 2116 maguae
1444 2078 1632 2109 illustrissimi

100 2158 152 2185 viri
174 2154 200 2186 J.
224 2154 358 2184 Miiller
380 2153 472 2182 debeo
495 2153 670 2189 liberalitati,
692 2155 719 2182 in
743 2155 908 2182 universum
931 2153 1043 2192 quidem
1068 2153 1186 2183 eosdem
1209 2164 1315 2183 nervos
1337 2153 1513 2192 easdemque
1535 2165 1633 2184 eorum

107 2232 234 2269 origines
266 2229 408 2265 ostendit,
442 2239 515 2267 quas
542 2229 650 2266 reliqua
672 2227 886 2258 Ecaudatorun]
910 2239 1025 2267 genera,
1049 2230 1194 2260 nonnullis
1216 2234 1313 2260 tamen
1335 2229 1498 2270 iisdemque
1520 2232 1632 2269 magnis

105 2307 262 2336 momentis
284 2305 320 2334 ab
344 2305 454 2334 illorum
479 2309 548 2343 typo
570 2303 687 2333 recedit.

261 2459 299 2491 (l)
320 2458 385 2485 rab.
407 2459 426 2486 1.
458 2458 516 2493 Fig.
537 2459 561 2490 2,
584 2458 623 2488 10.
643 2462 667 2491 β,
687 2467 713 2491 7.
