2149 3261
1228 304 1315 349 30

664 439 776 467 Ramus
799 436 956 466 alx-eoloris
973 436 1019 472 (1)
1052 433 1185 473 deniqne*
1207 436 1398 464 tenuissimus
1420 436 1467 464 est:
1488 433 1611 464 omnium
1642 438 1671 464 et
1692 436 1787 465 cranio
1809 444 1824 464 a
1848 434 1910 464 bani
1934 439 2033 474 aperto

506 516 545 543 ita
568 516 666 542 tectus
688 513 759 541 latet
781 521 797 540 a
820 521 899 540 ramo
922 497 1062 549 iugulari,
1094 515 1124 539 ut
1156 511 1238 540 initio
1273 511 1319 539 vix
1341 513 1476 539 cernatur
1500 513 1529 538 et
1550 519 1661 539 summa
1683 513 1793 539 tantum
1816 509 1942 540 adhibita
1966 520 2034 540 cura

504 588 710 626 conspiciatur.
754 585 838 616 Haud
869 587 908 616 ita
940 585 1028 623 longe
1060 584 1095 615 ad
1119 586 1246 614 exterius
1268 584 1452 624 progreditur
1477 596 1561 626 quam
1583 595 1680 615 ramus
1703 585 1844 623 iugularis
1866 584 1918 614 sed
1941 587 1969 615 in
1992 586 2035 614 in·

503 667 585 692 terno
608 664 698 701 partis
721 660 928 700 condyloideae
950 659 1040 690 latere
1062 660 1194 690 maxillae
1215 659 1361 689 inferioris
1393 662 1546 700 ipsumque
1577 659 1612 690 os'
1637 660 1695 690 fere
1716 670 1850 699 premens
1871 664 2034 690 antrorsum

504 736 695 777 progreditur.
742 736 813 766 Mox
835 746 886 775 per
907 735 1032 765 foramen
1054 737 1083 764 in
1106 737 1218 764 interno
1239 734 1325 765 huius
1342 738 1421 765 ossis
1444 736 1533 766 latere
1555 737 1681 775 positum
1704 737 1731 764 in
1754 735 1883 765 canalem
1907 735 2035 765 maxilla-

504 823 563 842 rem
586 822 673 851 supra
698 814 954 841 commemoratum
977 811 1075 847 intrat,
1105 810 1203 850 ibique
1236 821 1291 840 una
1314 821 1377 840 cum
1399 821 1478 840 ramo
1500 811 1636 840 alveolari
1659 812 1736 850 paris
1758 812 1848 849 quinti
1871 815 2034 840 antrorsum

504 887 641 927 procedit.
685 886 819 924 Quocum
843 886 1015 915 coniunctus
1038 895 1131 925 usque
1152 885 1188 914 ad
1212 887 1298 915 menti
1321 887 1430 922 apicem
1454 885 1647 925 progreditur.

663 961 778 990 Nervus
801 959 977 997 Abducens,
1012 970 1088 990 nunc
1111 960 1223 990 demum
1247 960 1441 999 spectandus,
1475 962 1574 990 statim
1601 961 1649 990 ubi
1677 971 1711 990 ex
1737 961 1835 990 cranio
1857 962 1984 990 excessit
2006 962 2034 990 in

504 1037 601 1075 plnres
623 1034 761 1064 dividitur
782 1045 894 1071 ramos,
931 1045 1032 1064 omnes
1065 1045 1115 1065 eos
1139 1035 1300 1064 musculum
1324 1038 1542 1074 suspensorium
1576 1036 1652 1065 oculi
1675 1035 1823 1065 fasciculis
1845 1036 1908 1065 suis
1930 1037 2037 1065 instru-

505 1115 598 1147 enteS,
621 1109 667 1138 filo
690 1109 874 1138 solummodo
896 1111 1068 1138 tenuissimo
1090 1115 1220 1149 excepto,
1243 1109 1320 1150 quod
1343 1109 1380 1140 ad
1402 1112 1528 1140 exterius
1550 1120 1583 1140 se
1606 1115 1779 1141 convertens
1802 1111 1934 1141 musculo
1957 1115 2035 1140 recto

505 1189 621 1213 externo
644 1183 810 1223 suppeditat
834 1194 949 1215 nervos

663 1259 811 1297 Ganglion
847 1261 924 1288 nervi
951 1259 1025 1297 Vagi
1058 1258 1234 1298 aliquantum
1258 1259 1294 1288 ab
1317 1259 1531 1290 Ecaudatorum
1562 1259 1652 1291 forma
1673 1260 1796 1297 recedit,
1832 1263 1937 1300 qnippe
1960 1260 2036 1299 qnod

505 1340 563 1364 tres
586 1334 661 1374 apud
685 1333 905 1363 Salamandram
928 1335 1041 1364 emittat
1057 1344 1178 1363 nervos:
1200 1345 1307 1364 ramum
1331 1335 1496 1372 liugn-atem,
1519 1345 1626 1364 ramum
1651 1336 1857 1374 pharyngeum,
1881 1339 1909 1364 et
1930 1345 2037 1364 ramum

505 1410 710 1440 intestinalem.
753 1408 869 1438 Nervus
892 1408 1193 1447 Glossopharyngeus
1215 1409 1301 1445 enim,
1324 1410 1370 1448 qni
1394 1410 1422 1438 in
1445 1409 1567 1445 Rusone,
1589 1409 1683 1445 Rana,
1707 1409 1780 1447 Hyla
1804 1413 1873 1445 cet„
1897 1415 1927 1438 ut
1949 1420 2037 1448 supra

505 1486 708 1524 exposuimus,
744 1484 856 1520 integer
888 1493 921 1511 ex
944 1482 1020 1520 Vagi
1043 1483 1160 1521 ganglio
1183 1484 1323 1511 emittitur
1350 1492 1486 1519 neri-vus,
1523 1485 1550 1511 in
1584 1482 1657 1512 duas
1690 1493 1781 1522 penes
1814 1483 2037 1514 Salamandrina

505 1559 618 1588 divisus
642 1559 786 1586 invenitur
807 1561 921 1596 partes,
958 1567 1077 1595 quarum
1101 1557 1191 1586 altera
1216 1558 1326 1593 (ramus
1349 1557 1502 1595 lingualis)
1526 1557 1613 1587 libera
1637 1557 1835 1596 progreditur,
1867 1559 1955 1588 altera
1979 1561 2039 1596 (ra-

508 1644 571 1663 mus
596 1632 795 1672 pharyngeus)
820 1641 883 1659 curn
907 1642 985 1660 raino
1009 1636 1133 1660 cntaneo
1156 1633 1310 1661 coniuncta
1334 1634 1482 1670 reperitur.
1506 1653 1540 1657 -ω

663 1706 775 1735 Ramus
799 1705 935 1743 lingualis
952 1706 998 1742 (2)
1023 1707 1183 1735 musculum
1207 1706 1396 1736 abductorem
1431 1710 1536 1745 capitis
1560 1708 1718 1736 inferiorem
1743 1709 1940 1737 transscendit
1963 1711 2039 1739 cela-

506 1790 552 1813 tus
575 1793 590 1812 a
613 1782 742 1810 levatore
764 1781 903 1818 scapulae
925 1782 1084 1817 interioris,
1117 1791 1284 1820 ramumque
1307 1792 1370 1810 mox
1392 1784 1498 1820 pariter
1520 1787 1605 1820 atque
1628 1785 1655 1812 in
1678 1783 1849 1818 Ecaudatis,
1882 1787 2038 1814 communi-

506 1862 617 1886 cantem
635 1857 681 1891 (3)
706 1855 773 1891 edit,
796 1857 842 1893 qui
866 1855 967 1884 eodem
994 1855 1079 1885 inodo
1102 1867 1159 1895 qno
1183 1857 1243 1885 illic
1259 1867 1322 1886 cuin
1343 1867 1420 1885 ranno
1443 1858 1564 1895 iugulari
1587 1859 1665 1896 paris
1687 1859 1803 1897 septimi
1827 1868 1859 1887 se
1882 1862 2040 1897 coniungit.

506 1933 573 1970 Quo
598 1941 684 1960 nervo
708 1929 785 1959 edito
818 1935 978 1959 extrorsum
1011 1931 1135 1960 flectitur
1167 1936 1195 1960 et
1217 1931 1252 1960 ad
1276 1934 1441 1970 prominens
1470 1942 1560 1961 cornu
1583 1934 1727 1971 posterius
1754 1935 1831 1962 ossis
1854 1933 1966 1972 hyoidei
1989 1945 2038 1964 ac-

507 2007 591 2038 cedit.
635 2006 789 2040 Musonio,
825 2015 881 2043 quo
914 2005 983 2035 illud
1016 2007 1174 2035 involvitur
1196 2005 1407 2044 Ceratoglosso
1423 2006 1469 2044 (4)
1502 2017 1597 2037 ramos
1624 2017 1728 2046 parvos
1750 2009 1943 2046 suppeditans
1966 2012 2039 2038 inter

506 2086 599 2122 ipsum
633 2089 659 2110 et
683 2091 772 2110 cornu
796 2082 942 2119 posterius
964 2082 1044 2110 ossis
1067 2081 1181 2119 liyoidei
1206 2086 1369 2111 antrorsum
1400 2086 1427 2110 et
1450 2084 1602 2111 introrsum
1626 2081 1820 2121 progreditur,
1857 2083 1947 2112 donec
1970 2088 2036 2112 ante

506 2169 539 2187 os
562 2158 714 2196 hyoideum
739 2157 877 2194 pervenit,
899 2156 996 2195 ibique
1019 2157 1046 2184 in
1070 2156 1195 2194 linguam
1218 2166 1251 2186 se
1273 2158 1405 2186 immittit.

665 2311 703 2342 (Ι)
725 2309 791 2336 Tab.
813 2309 843 2334 ll.
877 2308 934 2343 Fig.
956 2309 996 2335 ll.
1017 2317 1041 2343 g.

665 2363 702 2392 (ζ’)
725 2362 790 2389 Tot».
813 2362 844 2387 ll.
877 2362 934 2396 Fig.
956 2362 993 2393 ll.‚
1014 2363 1030 2390 l.

665 2416 703 2446 (3)
725 2415 789 2440 Tab.
812 2415 842 2443 ll.
873 2416 930 2450 Fig.
951 2416 992 2447 ll.‚
1014 2415 1038 2441 k.

666 2469 705 2499 ⁴4)
726 2468 884 2495 siebottlt
907 2469 1064 2496 Observatt..
1084 2469 1116 2495 de
1137 2468 1239 2497 Triton.
1260 2473 1286 2495 et
1308 2468 1405 2498 Salam.
1425 2469 1530 2504 Fig.12
1550 2474 1578 2497 et
1599 2470 1638 2497 13.
1661 2471 1676 2496 i.
