2149 3261
1242 286 1327 330 26

513 421 675 451 decursum.
718 420 819 449 Oritur
850 422 944 448 autem
978 427 1032 447 una
1066 428 1129 447 cum
1163 427 1230 455 pare
1262 420 1367 446 octavo
1398 415 1434 446 ab
1456 419 1581 445 extremo
1603 415 1747 445 medullae
1769 415 1943 453 oblongatae
1967 426 2039 446 mar-

511 498 577 533 gine
589 494 647 532 (1),
679 504 744 524 cum
775 494 908 523 Acustici
942 491 1038 522 radice
1072 495 1109 522 ita
1144 494 1318 522 coniunctus
1352 495 1382 521 ut
1410 491 1483 521 levis
1511 495 1620 521 tantum
1645 491 1745 521 ambos
1768 493 1903 530 seiungat
1925 491 2041 527 sulcus,

511 580 567 608 quo
600 568 765 599 discernere
792 578 845 598 eos
872 570 980 608 possis.
1023 567 1091 598 Edit
1114 577 1182 596 vero
1206 569 1291 596 etiam
1313 569 1341 596 in
1363 567 1420 599 hoc
1441 576 1546 605 genere
1568 576 1684 606 parvam
1708 565 1833 596 radicem
1847 567 1893 604 (2)
1917 569 1944 596 in
1969 576 2041 605 gau-

510 644 588 683 gliou
621 643 744 674 Gasseri
778 648 985 680 transeuntem,
1017 653 1072 682 qua
1095 644 1203 672 emissa
1226 645 1253 672 iu
1276 644 1371 682 ipsam
1395 642 1548 681 labyrinthi
1572 642 1719 681 capsulam
1743 652 1807 671 cum
1830 642 1972 671 Aeustico
1996 644 2040 671 in-

510 724 576 757 trat,
599 723 627 749 et
648 719 684 749 ad
707 729 824 758 parvum
848 718 988 757 ganglion
1012 720 1208 748 intumescens
1231 722 1290 747 tres
1313 719 1417 747 emittit
1439 727 1544 754 ramos,
1567 717 1697 756 pluribus
1719 716 1790 746 infra
1818 716 2039 746 describendos.

668 794 783 823 Nervus
817 793 920 832 Vagus
935 793 993 831 (3),
1015 794 1134 823 ultimus
1158 803 1320 828 nervorum,
1343 795 1391 831 qui
1413 795 1441 822 in
1465 792 1696 822 Salamandriuis
1719 803 1734 821 e
1757 792 1878 822 cerebro
1901 793 2041 828 oriuntur,

514 870 607 899 tribus
640 871 769 899 nascitur
801 870 900 908 parvis
931 868 1077 898 radicibus
1109 868 1144 898 ab
1184 872 1308 897 extremo
1340 868 1483 898 medullae
1510 868 1684 906 oblongatae
1705 869 1843 905 margine,
1865 865 2042 906 eandemque

509 944 576 982 fere,
597 955 682 984 quam
704 947 731 974 iu
754 943 916 974 Ecaudatis
939 943 1078 974 exhibens
1100 943 1227 980 formam,
1250 943 1388 981 ganglion
1410 943 1512 974 format
1534 943 1610 973 haud
1633 945 1672 972 ita
1695 952 1840 981 magnum.

1215 1017 1239 1055 ἓ.
1284 1019 1329 1049 ll.

667 1093 755 1131 Quod
791 1092 827 1123 ad
863 1095 943 1132 ipsos
979 1093 1061 1123 hisce
1100 1093 1247 1123 radicibus
1283 1093 1498 1134 respondentes
1522 1103 1627 1123 nervos
1649 1094 1764 1128 attinet,
1787 1092 2038 1127 Oculomolorius‚

507 1169 588 1198 initio
611 1170 744 1206 vaginam
768 1167 951 1198 tendinosam
974 1170 1053 1198 nervi
1077 1168 1176 1208 Optici
1199 1179 1338 1208 sequeuS,
1361 1171 1389 1199 in
1412 1169 1484 1199 duas
1506 1162 1611 1199 deinde
1632 1168 1773 1199 dividitur
1793 1171 1901 1207 partes,
1917 1176 2037 1206 quarum

507 1245 639 1282 superior
674 1254 781 1273 ramum
815 1243 944 1273 nasalem
977 1243 1185 1281 transscendit,
1219 1245 1437 1283 musculumque
1469 1249 1578 1274 rectum
1611 1246 1753 1274 internum
1786 1245 1902 1272 instruit
1931 1238 2038 1272 nervis.

506 1318 599 1355 Alter,
633 1318 667 1348 ad
697 1319 813 1348 inferius
837 1318 1030 1355 descendeus,
1054 1320 1163 1348 ramulo
1187 1321 1214 1348 in
1237 1324 1347 1349 rectum
1370 1320 1530 1349 inferiorem
1555 1321 1673 1355 emisse,
1695 1320 1758 1357 ipse
1780 1319 1808 1346 in
1832 1316 1963 1346 musculo
1986 1316 2038 1345 ob-

505 1392 583 1432 liquo
616 1393 746 1423 inferiore
781 1394 878 1422 multis
901 1393 1071 1422 dissolvitur
1093 1392 1214 1423 fibrillis.
1257 1393 1382 1423 Ramum
1404 1396 1431 1423 in
1455 1394 1618 1423 musculum
1639 1397 1749 1422 rectum
1772 1393 1952 1431 superiorem
1975 1391 2036 1420 edi-

503 1472 563 1497 tum
596 1467 632 1497 ab
667 1467 886 1496 Oculomotorio
912 1469 1007 1496 inveni
1031 1468 1150 1498 nullum.
1194 1468 1253 1505 Qui
1276 1473 1372 1497 autem
1393 1468 1545 1497 musculus
1569 1478 1654 1507 quum
1677 1477 1692 1496 a
1715 1477 1794 1496 ramo
1818 1466 1909 1495 nasali
1933 1465 2038 1503 Trige-

505 1544 573 1572 mini
607 1552 725 1571 nervum
749 1551 833 1570 suum
856 1543 990 1580 accipiat,
1013 1551 1064 1580 par
1091 1543 1206 1571 tertium
1229 1545 1256 1571 in
1280 1542 1352 1572 duas
1374 1545 1538 1572 seiunctum
1561 1552 1630 1571 esse
1652 1545 1749 1581 partes
1772 1541 1895 1577 videtur,
1918 1550 2036 1580 quarum

503 1617 621 1646 alteram
655 1616 773 1645 liberam
807 1615 973 1654 procedere,
1007 1616 1216 1656 musculosque
1247 1622 1356 1646 rectum
1391 1620 1543 1652 internum,
1565 1621 1672 1645 rectum
1697 1616 1868 1652 inferiorem,
1891 1615 2036 1654 obliquum

502 1692 663 1722 inferiorem
695 1691 793 1719 nervis
826 1691 978 1726 instruere,
1010 1691 1129 1721 alteram
1163 1702 1227 1721 cum
1257 1692 1427 1730 Trigemiuo
1451 1694 1632 1721 coniunctam
1655 1701 1733 1728 esse,
1756 1690 1900 1729 fibrasque
1922 1690 1958 1720 ab
1981 1690 2037 1720 hoc

502 1776 590 1796 nervo
611 1769 638 1795 in
662 1765 824 1794 musculum
848 1768 955 1794 rectum
978 1768 1157 1804 superiorem
1180 1769 1306 1796 emissas
1329 1767 1452 1797 formare
1475 1767 1582 1797 iudico.

663 1839 748 1869 Paris
783 1842 875 1878 quarti
908 1850 993 1878 quum
1028 1846 1163 1881 separata
1200 1841 1280 1871 radix
1314 1853 1369 1872 non
1401 1844 1572 1878 inveniatur,
1605 1841 1640 1871 ad
1664 1841 1860 1878 Trigeminum
1884 1851 1959 1870 nuuc
1980 1842 2036 1870 iam

502 1914 724 1944 describendum
747 1919 793 1944 est
815 1914 1032 1951 transeundum,
1055 1926 1177 1953 quocum
1194 1916 1264 1946 illud
1280 1918 1403 1956 (pariter
1420 1921 1506 1956 atque
1523 1927 1590 1956 pars
1607 1916 1834 1952 Oculomotorii)
1851 1918 2035 1946 coniunctum

501 2001 568 2020 esse
592 1990 713 2019 videtur.

659 2064 755 2104 ipsum
779 2075 830 2103 par
852 2067 980 2103 quintum
1004 2075 1018 2094 a
1043 2066 1141 2101 forma,
1166 2076 1251 2106 quam
1273 2066 1350 2106 apud
1372 2066 1522 2097 Ecaudata
1545 2066 1764 2104 descripsimus,
1797 2064 1881 2094 valde
1913 2066 2031 2097 recedit.

500 2141 583 2170 Sicut
607 2142 680 2169 euim
702 2150 799 2179 supra,
823 2142 949 2178 origines
973 2152 1124 2171 nervorum
1148 2141 1388 2181 contemplantes,
1411 2152 1529 2171 nervum
1554 2140 1751 2179 Trigeminum
1774 2142 1883 2170 minore
1905 2140 2032 2171 radicum

498 2226 616 2244 numero
650 2216 842 2253 compositum
876 2224 943 2244 esse
976 2217 1003 2244 iu
1037 2216 1227 2246 Salamandra
1260 2226 1344 2256 quam
1373 2218 1399 2246 iu
1423 2216 1592 2253 Ecaudatis,
1615 2215 1757 2246 vidimus:
1781 2218 1826 2246 sie
1848 2218 1934 2246 etiam
1958 2227 2033 2247 nunc

658 2342 696 2374 (1)
721 2341 777 2375 mg.
799 2341 830 2372 ιι,
853 2342 877 2367 7.

657 2396 695 2427 (2)
717 2394 773 2428 Fig.
795 2395 828 2426 ΙΙ,
849 2404 876 2423 α.

657 2448 695 2480 (23)
718 2448 774 2483 Fig.
796 2448 827 2477 11.
852 2450 890 2481 ιο,
912 2447 938 2484 β,
959 2458 983 2483 γ,
1006 2448 1031 2475 δ.
