2149 3261
1264 296 1305 340 2

522 440 572 470 per
593 440 626 459 se
648 428 788 459 interdum
812 429 847 458 ob
871 430 984 458 nimiam
1009 430 1194 466 exiguitatem
1217 428 1320 458 oculos
1343 428 1400 457 sere
1423 438 1540 467 prorsus
1567 429 1749 467 ell'ugieiitia,
1785 430 1899 459 nonnisi
1927 428 2052 460 tortissi-

522 515 584 534 mae
606 505 692 534 lentis
716 514 770 542 ope
793 507 889 540 utens,
921 514 1090 542 summaque
1113 513 1181 533 eura
1204 503 1351 533 cultellum
1374 513 1479 541 regens
1503 514 1595 544 usque
1620 505 1655 533 ad
1680 504 1762 533 finem
1785 506 1918 544 persequi
1942 507 2052 544 possis.

680 579 775 617 Quum
810 583 903 608 tamen
936 581 1008 609 tanti
1041 580 1101 608 sint
1132 589 1167 608 ac
1190 583 1246 608 tam
1270 579 1424 615 luculenti,
1460 589 1534 617 quos
1557 590 1591 609 ex
1613 580 1740 619 reliquae
1762 580 1862 609 liorum
1885 580 2049 610 animalium

520 654 754 685 conformationis
786 656 1011 692 investigatione
1044 659 1237 693 conceperunt
1270 655 1380 684 tructus
1403 654 1587 694 disciplinae:
1624 657 1707 685 etiam
1731 660 1860 694 systema
1884 666 2051 693 nervosum,

520 730 671 768 hucusque
703 729 777 759 adeo
802 730 965 767 neglectum
998 729 1083 759 valde
1115 730 1231 768 dignum
1255 729 1383 767 videtur,
1420 729 1497 770 quod
1529 732 1693 760 accuratius
1726 732 1925 770 perlustretur.
1969 731 2047 761 Nihil

520 807 593 835 enirn
617 807 732 834 omnino
754 807 781 834 in
805 807 940 835 universa
964 810 1063 835 natura
1088 816 1173 845 quum
1206 810 1263 835 tam
1287 816 1404 845 parvum
1422 807 1584 834 inveniatur
1606 805 1735 844 adeoque
1758 808 1901 845 exiguum,
1924 818 1959 837 ex
1993 819 2050 848 quo

521 880 592 910 disci
617 891 671 909 nou
695 882 787 920 possit
819 879 926 918 aliquid
961 891 1064 910 novum
1097 885 1185 921 atque
1206 883 1334 919 insigne:
1370 880 1438 920 quid
1472 881 1507 909 de
1540 891 1691 910 nervorum
1725 886 1884 920 systemate
1907 882 2048 920 dicamus,

520 960 576 985 tam
609 958 689 994 gravi
722 956 788 992 illo,
824 959 990 995 tantamque
1022 958 1050 986 in
1083 956 1216 985 omnibus
1250 958 1380 996 corporis
1412 958 1557 995 animique
1580 956 1777 986 functionibus
1799 959 1854 986 viui
1877 960 2048 988 exercente?

519 1030 595 1060 Fieri
618 1031 744 1068 prolecto
768 1033 814 1060 vix
836 1035 944 1069 potest,
967 1032 1033 1070 quin
1057 1033 1152 1061 omnia
1173 1031 1245 1061 baec
1267 1033 1361 1061 animo
1384 1032 1537 1061 volventes
1559 1042 1641 1071 spem
1663 1031 1729 1061 inde
1745 1034 1954 1072 concipiamus,
1977 1033 2048 1064 illud

519 1116 633 1145 quoque
655 1108 867 1144 investigantes
901 1105 977 1135 haud
1011 1115 1101 1145 pauca
1136 1116 1188 1136 nos
1221 1109 1391 1145 cognituros
1424 1117 1492 1137 esse
1518 1117 1592 1137 nova
1615 1112 1643 1137 et
1675 1107 1825 1147 hucusque
1857 1108 2048 1147 inexplorata,

519 1180 594 1210 unde
616 1185 645 1210 et
667 1182 802 1219 zoologia
825 1186 853 1210 et
875 1183 1020 1211 anatomia
1044 1186 1210 1221 comparata
1232 1182 1356 1221 aliquem
1381 1183 1486 1212 saltem
1509 1193 1626 1222 carpere
1648 1185 1745 1223 possit
1768 1183 1898 1214 [ructum.

677 1256 742 1294 Qua
765 1267 817 1295 spe
839 1256 939 1293 fretus,
962 1256 1031 1286 illud
1057 1267 1131 1296 opus
1154 1257 1355 1295 aggrediendi,
1371 1257 1647 1298 Amphibiorumque
1670 1257 1808 1288 nudorum
1832 1263 1961 1297 systema
1985 1270 2049 1288 ner-

519 1341 621 1360 vosum
644 1333 810 1361 accuratius
834 1331 1027 1370 perlustrandi
1051 1332 1205 1362 consilium
1229 1335 1304 1372 cepi,
1326 1351 1364 1355 —
1386 1343 1519 1371 magnum
1554 1333 1624 1362 illud
1644 1333 1767 1371 ‘quidem
1790 1335 1926 1371 viresque
1948 1336 2048 1364 tironis

517 1406 575 1435 tere
597 1407 750 1438 excedens.
793 1407 879 1444 Quod
902 1411 996 1436 tamen
1021 1411 1050 1435 ut
1071 1407 1167 1445 aliqua
1190 1407 1293 1436 saltem
1327 1417 1361 1436 ex
1382 1411 1463 1446 parte
1486 1417 1695 1447 consequerer,
1731 1409 1832 1436 eximia
1855 1407 2048 1439 illustrissimi

517 1482 567 1509 viri
589 1480 615 1511 J.
639 1480 763 1510 Mueller
786 1481 852 1509 milii
875 1482 997 1517 contigit
1020 1480 1205 1517 liberalitate,
1241 1484 1288 1520 qui
1321 1492 1378 1511 non
1401 1482 1493 1511 solum
1517 1482 1597 1511 libris
1622 1482 1746 1520 benigne
1768 1482 1835 1511 milii
1858 1482 2049 1521 suppeditan-

517 1554 561 1584 dis
585 1565 629 1584 me
650 1555 775 1592 adiuvit,
807 1555 859 1584 sed
893 1556 978 1584 etiam
1001 1566 1193 1594 quaecuuque
1226 1558 1253 1585 in
1277 1555 1383 1586 Museo
1405 1556 1502 1595 Regio
1535 1559 1697 1586 anatomico
1728 1557 1980 1588 conservabantur
2001 1569 2047 1589 ra-

517 1631 591 1659 riora
623 1630 708 1659 huius
743 1630 852 1660 ordinis
885 1630 1019 1659 animalia
1054 1631 1249 1668 investigandi
1283 1631 1349 1660 mihi
1384 1634 1496 1670 paravit
1529 1631 1701 1662 facultatem.
1744 1631 1853 1661 Facere
1880 1634 1968 1670 igitur
1989 1644 2046 1664 non

517 1717 636 1745 possum
670 1707 737 1745 quin
770 1706 879 1742 gratias
911 1714 994 1742 agam
1028 1707 1282 1744 praestantissimo
1315 1708 1376 1736 viro
1409 1717 1491 1746 quam
1522 1709 1673 1742 maximas,
1710 1710 1816 1746 quippe
1839 1710 1922 1737 cuius
1945 1710 2047 1739 eximia

516 1781 688 1811 liberalitate
710 1781 747 1808 sit
770 1779 889 1815 lactum,
925 1781 963 1808 uti
988 1781 1039 1816 iis,
1075 1790 1148 1819 quae
1174 1783 1201 1810 in
1225 1783 1285 1819 agri
1309 1781 1509 1811 Berolinensis
1543 1782 1665 1811 lacubus
1700 1781 1912 1820 paludibusque
1937 1786 2047 1822 vivunt,

516 1855 680 1894 Ampbibiis
704 1854 789 1884 nudis
812 1855 998 1885 dissecandis
1023 1866 1065 1885 me
1089 1858 1238 1886 continere
1262 1867 1318 1885 nou
1342 1856 1497 1893 debuerim,
1523 1857 1576 1886 sed
1599 1859 1722 1886 omnium
1748 1857 1804 1886 scre
1828 1858 1912 1887 liuius
1936 1858 2046 1890 ordinis

517 1930 682 1959 familiarum
707 1932 733 1959 in
757 1931 850 1959 lucem
874 1930 998 1969 proferre
1021 1934 1130 1969 possim
1155 1932 1376 1970 descriptiones,

674 2004 742 2044 lpsa
776 2016 809 2034 ea
841 2010 946 2042 antem,
978 2016 1051 2043 quae
1083 2006 1136 2035 boc
1169 2006 1254 2035 modo
1288 2007 1354 2036 mihi
1378 2006 1472 2036 oblata
1496 2012 1541 2036 est
1565 2008 1700 2036 materiae
1722 2010 1803 2045 copia
1827 2018 1872 2037 me
1895 2009 2047 2047 prohibuit,

517 2083 669 2119 quominus
701 2084 790 2109 totum
824 2080 894 2109 illud
928 2091 1003 2110 nunc
1035 2083 1089 2110 iam
1113 2091 1307 2119 consequerer
1330 2084 1517 2120 propositum,
1540 2092 1624 2119 quum
1648 2083 1732 2110 nimia
1756 2085 1892 2121 temporis
1916 2084 2045 2113 brevitas

516 2166 560 2184 me
583 2157 720 2193 coegerit,
743 2162 772 2184 ut
794 2155 913 2191 cerebri,
936 2166 1087 2185 nervorum
1112 2156 1276 2195 spinabum,
1301 2158 1378 2185 nervi
1402 2156 1573 2194 synipatbici
1597 2156 1704 2185 formas
1735 2156 1851 2186 uberius
1883 2160 2045 2197 exponendi

517 2231 669 2259 consilium
692 2232 718 2259 iu
741 2230 818 2259 aliud
841 2232 987 2260 reiicerein
1011 2236 1134 2270 teinpus.
1178 2230 1296 2260 Paucae
1319 2230 1371 2259 bae
1394 2231 1611 2270 qualescunque
1633 2231 1808 2269 schedulae,
1831 2242 1904 2271 quas
1926 2233 1962 2262 de
1984 2233 2044 2263 Re-

516 2304 625 2344 ptilium
651 2304 789 2334 nudorum
816 2307 912 2334 nervis
936 2305 1131 2335 cerebralibns
1154 2308 1323 2344 conscripsi,
1348 2308 1442 2335 omnia
1465 2311 1542 2342 sunt,
1565 2317 1638 2346 quae
1662 2318 1738 2337 nnuc
1766 2309 1819 2337 iam
1844 2310 1871 2337 in
1898 2308 2043 2346 publicum

515 2379 639 2418 prolerre
671 2379 751 2408 licet:
785 2380 873 2409 favori
907 2391 967 2416 eas,
1001 2380 1254 2418 indulgentiaeque
1288 2381 1491 2411 benevolorum
1527 2381 1681 2412 Lectorutu
1704 2383 1793 2412 semel
1817 2385 1976 2424 iterumque
1997 2394 2043 2415 re-

516 2453 731 2484 commendatas
754 2464 824 2485 esse
846 2455 940 2485 velim.

1113 2490 1273 2538 -ψκψῦθξξὲ
1279 2492 1440 2539 {Qvanta—
