2149 3261
855 254 894 298 7

111 388 189 417 ossis
221 387 392 426 sphenoidei
424 387 562 417 adiacens
593 385 630 416 ad
663 387 832 416 anteriorem
854 386 991 425 angulum
1014 389 1155 418 internum
1178 387 1288 418 orbitae
1323 387 1514 428 progreditur,
1545 388 1574 418 iu
1609 398 1644 418 m.

113 462 233 502 obliquo
256 464 407 502 superiore
430 472 462 492 se
484 470 674 500 expansuruS.

267 537 483 573 Abducens,
506 540 537 566 ut
558 538 671 566 tertium
695 535 770 565 huuc
793 545 902 572 eorum,
924 536 971 574 qui
995 535 1070 565 oculi
1093 540 1164 565 sunt
1185 536 1363 574 subsidiarii,
1391 548 1544 568 nervorum
1567 548 1645 568 nunc

107 614 163 641 iam
195 617 374 651 spectemus,
405 611 521 651 quando
554 621 588 641 ex
620 611 758 641 toramine
779 619 833 640 suo
855 614 901 640 est
923 619 1064 648 egressus
1086 611 1113 639 in
1137 610 1211 641 duos
1234 611 1371 642 dividitur
1392 622 1499 649 ramos,
1522 612 1643 643 alterum

108 689 280 717 crassiorem
312 687 474 716 musculum
507 688 727 724 suspensorium
759 685 833 714 oculi
856 687 1056 722 instruentem,
1088 685 1209 716 alterum
1232 687 1322 717 multo
1344 689 1501 717 tenuiorem
1524 686 1560 717 ad
1583 698 1642 717 mu-

106 762 218 792 sculum
241 766 349 791 rectum
374 767 520 791 externum
543 760 740 792 accedentem.

262 836 408 875 Gangliou
443 837 640 874 Trigemiui
673 834 710 864 ab
742 836 807 874 ipso
835 834 894 865 lere
918 834 1057 865 toramine
1080 837 1255 873 continetur,
1277 846 1333 875 quo
1356 839 1444 866 cranii
1467 846 1568 867 cavum
1592 847 1641 867 ex-

105 911 191 949 cedit,
213 917 406 952 quattuorque
441 911 500 940 edit
531 920 627 940 ramos
659 911 757 940 variae
788 910 1002 950 amplitudinis:
1023 921 1133 941 ramum
1154 911 1342 949 maxillarem,
1365 922 1474 942 ramum
1498 911 1640 949 nasalem,

103 997 211 1017 ramum
234 988 406 1027 palatinum,
428 996 537 1016 ramum
560 986 727 1025 iugularem.

261 1062 371 1092 Ramus
405 1062 515 1092 nasalis
551 1066 713 1092 antrorsuiu
749 1071 783 1091 se
818 1064 962 1092 convertit
997 1066 1025 1092 et
1061 1064 1088 1091 in
1111 1063 1223 1092 interna
1246 1062 1356 1092 orbitae
1379 1067 1459 1101 parte
1481 1062 1639 1093 decurrens

105 1137 202 1177 paullo
235 1138 306 1167 iufra
335 1137 518 1167 patheticum
542 1147 661 1167 nervum
683 1139 764 1176 ipsas
786 1136 844 1167 fere
865 1138 1028 1167 anteriores
1050 1139 1130 1167 ossis
1152 1137 1325 1177 spbenoidei
1347 1138 1411 1168 alas
1433 1140 1545 1177 premit,
1567 1137 1639 1168 duo-

99 1211 215 1252 busque
247 1214 292 1243 vel
328 1213 420 1243 tribus
447 1212 523 1242 haud
552 1215 591 1243 ita
613 1212 749 1243 tenuibus
772 1215 869 1243 nervis
891 1215 918 1242 in
943 1212 1109 1251 palpebram
1133 1215 1313 1252 superiorem
1336 1215 1465 1251 emissis,
1487 1213 1523 1243 ad
1545 1224 1638 1252 angu-

100 1288 158 1316 lum
191 1290 363 1317 anteriorem
396 1291 537 1318 internum
560 1288 670 1318 orbitae
693 1287 885 1327 progreditur,
907 1287 954 1318 ubi
977 1298 1027 1328 per
1049 1288 1177 1318 toramen
1200 1288 1349 1319 infinibus
1373 1291 1452 1319 ossis
1475 1289 1587 1319 nasalis
1610 1295 1639 1319 et

101 1364 180 1392 ossis
203 1363 358 1392 lacrimalis
380 1365 506 1402 positum
530 1364 593 1393 nasi
615 1365 768 1392 cavitatem
790 1364 878 1392 intrat
899 1367 1056 1402 tectusque
1079 1364 1115 1393 ab
1137 1374 1207 1394 osse
1230 1365 1324 1394 nasali
1347 1367 1400 1394 iter
1428 1364 1465 1394 ad
1491 1366 1637 1395 anteriora

99 1439 288 1477 persequitur.
331 1437 418 1475 Quod
454 1447 489 1467 os
521 1440 546 1466 si
577 1442 662 1466 caute
687 1447 722 1466 ac
749 1437 902 1474 diligenter
928 1437 1083 1475 resregeris
1112 1437 1196 1468 facile
1218 1439 1409 1470 tenuissimos
1432 1438 1507 1469 duos
1528 1439 1565 1469 ab
1588 1440 1636 1469 illo

100 1524 189 1543 nervo
212 1512 308 1543 editos
331 1513 456 1542 ramulos
479 1512 593 1542 videbis
614 1511 734 1541 alterum
757 1511 794 1542 ad
817 1511 966 1542 musculos
988 1514 1099 1541 narium
1122 1511 1284 1551 (Zencker)
1317 1513 1559 1552 progredientem,
1594 1515 1636 1545 al-

105 1594 195 1618 terum
218 1591 245 1617 in
281 1587 445 1617 membrana
475 1589 624 1627 pituitaria
646 1589 710 1617 nasi
733 1597 776 1624 se,
799 1593 829 1617 ut
851 1587 974 1624 videtur,
998 1587 1220 1628 expandentem.
1243 1607 1279 1612 —
1303 1587 1371 1628 lpse
1393 1599 1500 1619 nervus
1523 1591 1577 1619 iter
1597 1589 1635 1619 ad

101 1666 244 1694 anteriora
277 1666 460 1703 persequitur
482 1669 509 1692 et
544 1673 609 1693 mox
637 1673 652 1692 e
674 1665 738 1693 nasi
761 1673 834 1692 cavo
857 1662 952 1692 denno
975 1673 1116 1702 egressus
1139 1672 1232 1702 usqne
1254 1662 1291 1692 ad
1314 1664 1427 1702 apicem
1449 1667 1512 1694 nasi
1535 1676 1636 1705 proce-

99 1739 150 1775 dit,
183 1740 241 1768 cuti
274 1739 351 1768 illam
383 1738 532 1776 obtegenti
569 1739 759 1778 musculoque
791 1738 830 1767 ibi
863 1739 960 1777 posito
983 1738 1032 1775 (an
1055 1737 1246 1768 rudimentum
1270 1739 1295 1767 is
1317 1738 1440 1767 musculi
1463 1739 1634 1771 orbicularis

98 1816 188 1851 0ῐίεὲ)
212 1824 317 1843 nervos
339 1814 587 1853 suppeditaturus.

257 1889 369 1919 Ramus
392 1889 561 1926 maxillaris,
585 1891 631 1929 qui
656 1899 758 1918 omnes
780 1899 796 1918 e
818 1890 935 1927 ganglio
957 1889 1036 1928 paris
1060 1890 1149 1927 quinti
1173 1889 1300 1917 emissos
1321 1898 1417 1917 ramos
1444 1889 1634 1928 amplitudine

101 1965 258 1995 voluminis
281 1966 370 2002 longe
391 1970 519 2004 superat,
541 1963 659 2002 ganglio
682 1964 781 1993 relicto
803 1966 902 1993 statim
926 1968 1087 1993 antrorsum
1110 1973 1143 1993 se
1166 1966 1310 1993 convertit
1331 1969 1360 1993 et
1381 1964 1495 1994 duobus
1517 1964 1553 1994 ad
1569 1975 1631 1995 mu-

97 2041 197 2070 sculos
230 2041 418 2079 temporalem
452 2046 479 2069 et
501 2042 720 2069 massetericum
745 2039 832 2068 editis
855 2039 982 2074 ramulis,
1006 2041 1080 2068 iuter
1102 2039 1192 2068 bosce
1214 2038 1287 2069 duos
1310 2040 1459 2069 musculos
1482 2040 1630 2080 progredi-

97 2121 152 2153 tur,
186 2116 261 2146 duos
293 2115 424 2145 editurus
447 2126 562 2145 nervos.
604 2117 743 2145 Anterior
770 2116 882 2153 (ramus
907 2115 1064 2144 maxillaris
1086 2114 1232 2154 superior)
1254 2119 1418 2145 antrorsum
1441 2115 1565 2145 flectitur
1587 2118 1630 2146 in-

96 2192 137 2222 fra
170 2192 286 2221 oculum
324 2201 544 2231 progressurus,
579 2201 734 2230 ramosque
773 2191 936 2230 complures
972 2193 998 2219 in
1036 2191 1201 2229 palpebram
1240 2190 1402 2221 interiorem
1426 2195 1456 2221 et
1477 2196 1572 2221 cutem
1595 2202 1629 2221 os

97 2267 337 2307 quadratoiugale
369 2268 552 2306 obtegentem
585 2269 696 2296 emittit.
741 2266 892 2296 Posterior
914 2267 1025 2303 (ramus
1048 2266 1205 2296 maxillaris
1228 2266 1359 2305 inferior)
1381 2268 1489 2297 circum
1511 2277 1628 2297 muscu-

98 2345 154 2373 lum
192 2344 378 2381 temporalem
415 2343 451 2372 ad
489 2344 633 2382 posterius
669 2347 697 2372 et
733 2342 851 2371 iuferius
887 2341 1071 2371 descendens
1092 2346 1172 2372 extra
1206 2352 1374 2382 processum
1408 2342 1626 2382 postorbitalem

97 2419 260 2457 (Rusconi)
282 2421 360 2450 ossis
383 2419 512 2459 quadrati
536 2418 571 2448 ad
594 2418 728 2457 angulum
753 2420 811 2448 oris
835 2417 1004 2454 descendit,
1032 2418 1173 2447 ramulum
1196 2417 1234 2448 ibi
1257 2420 1459 2449 tenuissimum
1483 2419 1512 2448 in
1533 2423 1628 2449 cutem
