2149 3261
1196 285 1279 330 58

475 420 630 459 generibus
663 427 768 447 nervus
800 418 906 455 poterit
937 418 1069 454 agnosci,
1101 417 1149 455 qui
1181 416 1326 454 analogon
1354 418 1405 444 aut
1426 413 1616 445 rudimentum
1639 416 1731 454 ipsius
1753 416 1792 445 sit
1813 414 2002 446 consideran-

475 494 539 525 dus.
583 492 670 531 Quod
706 496 800 522 tamen
838 491 985 530 problema
1021 490 1096 521 haud
1132 492 1171 521 ita
1207 491 1290 521 facile
1325 491 1460 527 solvitur,
1495 501 1579 530 quam
1617 492 1736 530 primum
1759 490 1865 530 aliquis
1887 490 2004 520 credere

476 569 580 607 possit.
621 567 770 598 Emittitur
791 568 865 596 enim
889 566 1002 606 quidem
1025 568 1053 596 in
1076 565 1197 602 Bufone,
1219 566 1314 603 Rana,
1337 565 1421 605 Hyla,
1444 565 1585 595 Pelobate
1612 572 1640 596 et
1667 565 1871 595 Bombinatore
1898 575 2006 595 nervus

476 654 510 673 ex
531 643 608 681 Vagi
635 643 764 681 ganglio,
786 644 834 681 qui
857 643 886 672 in
908 646 1044 681 quattuor
1065 641 1165 671 horum
1189 651 1325 680 generum
1347 643 1375 670 in
1398 644 1464 670 cute
1487 643 1611 670 cervicis
1633 640 1799 680 humerique
1828 640 2008 680 expanditur,

474 720 503 748 in
535 717 646 748 Bufone
677 717 842 756 glandulam
876 716 1032 757 parotidem
1055 718 1172 746 instruit
1194 718 1300 753 nervis,
1322 720 1351 746 et
1373 717 1421 756 qui
1443 726 1474 745 re
1497 725 1563 745 vera
1585 717 1676 755 primo
1705 716 1807 746 obtutu
1830 718 1909 745 nervi
1932 716 2004 745 late-

478 793 549 822 ralis
585 793 730 831 analogon
763 802 830 823 esse
862 792 985 829 videtur,
1018 801 1104 831 quum
1135 793 1242 832 pariter
1273 794 1359 830 atque
1390 791 1449 828 ille,
1480 794 1575 821 cutem
1597 793 1718 830 eiusque
1739 790 1895 829 glandulas
1917 792 2006 820 ramis

477 870 540 898 suis
562 869 696 898 instruat.

636 942 809 972 Methodum
842 943 929 980 igitur
960 943 1121 981 quaerenti,
1153 951 1207 980 qua
1243 951 1310 971 vere
1331 943 1427 980 possit
1449 940 1586 978 discerni,
1608 951 1644 970 au
1667 950 1773 971 nervus
1796 944 1936 971 cutaneus
1959 940 2007 970 ille

478 1020 517 1048 sit
548 1017 740 1047 rudimentum
774 1019 853 1046 nervi
885 1017 1026 1053 lateralis,
1057 1026 1107 1055 per
1128 1026 1161 1046 se
1183 1019 1277 1055 ipsum
1301 1017 1406 1055 cuique
1428 1017 1457 1046 in
1479 1020 1602 1046 mentem
1625 1018 1734 1054 veniet,
1756 1016 1891 1055 cordylos
1913 1016 2008 1046 Ecau-

479 1093 610 1123 datorum
643 1094 808 1122 accuratius
841 1094 1028 1130 investigare,
1061 1093 1167 1131 quippe
1197 1101 1316 1131 quorum
1340 1091 1584 1131 metamorphosin
1605 1091 1643 1121 ad
1664 1091 1751 1121 huius
1772 1093 1852 1121 nervi
1876 1096 2005 1121 naturam

478 1168 570 1198 lucem
603 1168 729 1208 aliquam
765 1167 915 1198 allaturam
952 1177 1029 1204 esse,
1064 1177 1176 1197 summa
1212 1169 1251 1196 sit
1286 1176 1365 1206 spes.
1407 1167 1445 1196 Et
1472 1177 1563 1206 pauca
1585 1166 1714 1206 profecto
1736 1170 1830 1204 erunt,
1852 1176 1926 1205 quae
1948 1170 2005 1196 tam

479 1243 563 1274 facile
598 1245 729 1283 aspectui
761 1252 794 1273 se
827 1242 993 1282 praebeant,
1025 1251 1110 1281 quam
1142 1241 1192 1271 ille
1223 1251 1329 1271 nervus
1361 1241 1490 1271 lateralis
1513 1243 1540 1271 in
1563 1241 1665 1272 Ranae
1687 1243 1856 1272 esculentae
1878 1240 2008 1279 cordyla,

478 1319 526 1348 ubi
560 1318 685 1358 quidem,
721 1322 787 1348 cute
818 1320 847 1347 in
879 1317 972 1346 medio
1005 1317 1092 1347 dorso
1124 1316 1252 1346 dissecta
1280 1321 1309 1346 et
1329 1317 1468 1355 replicata
1491 1317 1655 1346 clarissime
1677 1318 1705 1345 in
1728 1320 1851 1354 utroque
1874 1316 2006 1354 corporis

477 1394 568 1424 latere
597 1394 675 1423 binis
707 1395 794 1422 ramis
827 1402 891 1421 eum
918 1391 955 1421 ad
977 1393 1124 1431 posterius
1146 1390 1323 1420 descendere
1345 1390 1469 1423 videbis.
1512 1391 1718 1420 Verumtamen
1742 1394 1892 1429 praeter
1913 1390 2006 1419 hunc

479 1479 624 1499 nervum
647 1468 838 1498 lateralem
861 1468 968 1496 etiam
991 1476 1120 1495 ramum
1143 1465 1245 1494 illum
1269 1469 1458 1494 cutaneum
1480 1464 1642 1495 adultarum
1666 1464 1813 1494 Ranarum
1842 1466 2005 1494 invenimus

478 1546 507 1574 in
540 1543 676 1582 cordylis,
706 1553 723 1572 a
754 1552 834 1572 ramo
865 1540 1024 1570 intestinali
1056 1539 1095 1569 ibi
1117 1541 1264 1570 emissum.
1307 1539 1391 1568 Unde
1412 1542 1558 1569 sententia
1580 1540 1639 1576 illa,
1662 1550 1730 1569 esse
1752 1539 1876 1569 fortasse
1898 1549 2007 1569 ramum

479 1623 632 1648 cutaneum
663 1616 855 1647 rudimentum
888 1617 967 1643 nervi
1001 1614 1140 1649 lateralis,
1168 1624 1266 1653 parum
1289 1613 1368 1643 firma
1391 1624 1425 1643 ac
1448 1614 1505 1643 sere
1527 1614 1653 1643 absurda
1675 1618 1804 1653 apparet,
1829 1624 1913 1653 quum
1938 1614 2008 1644 duo-

479 1705 541 1724 rum
574 1701 756 1731 organorum,
789 1699 862 1729 quae
895 1699 950 1718 una
983 1690 1170 1718 inveniuntur
1190 1690 1218 1718 in
1241 1688 1340 1718 eodem
1363 1688 1511 1718 individuo
1534 1689 1654 1718 alterum
1676 1688 1867 1719 rudimentum
1889 1690 2009 1720 alterius

481 1780 548 1800 esse
580 1778 637 1798 non
670 1767 774 1803 possit.
816 1764 910 1802 Quam
945 1764 1058 1804 quidem
1092 1774 1151 1793 rem
1184 1763 1277 1802 Pipae
1300 1763 1466 1802 dorsigerae
1488 1762 1606 1793 adultae
1628 1765 1814 1801 investigatio
1837 1774 1915 1793 novo
1938 1775 2009 1795 con-

479 1845 572 1875 firmat
603 1845 783 1881 argumento,
815 1841 921 1879 quippe
952 1849 1026 1878 quae
1057 1840 1164 1879 pariter
1195 1849 1231 1869 ac
1262 1838 1408 1869 Ranarum
1443 1838 1553 1877 cordyli
1582 1849 1666 1877 quum
1690 1848 1778 1868 nervo
1799 1839 1849 1868 illo
1873 1843 2009 1878 cutaneo,

481 1924 539 1949 tum
573 1927 653 1948 ramo
688 1916 799 1946 laterali
835 1924 851 1944 a
886 1924 965 1944 ramo
1001 1914 1159 1945 intestinali
1187 1913 1262 1953 Vagi
1285 1916 1393 1944 emisso
1415 1924 1466 1953 per
1487 1917 1578 1944 totum
1601 1916 1729 1953 corporis
1751 1914 1829 1944 latus
1851 1924 1944 1953 usque
1971 1914 2008 1944 ad

481 2004 564 2025 anum
588 1992 757 2022 decurrente
779 1993 819 2020 sit
840 1992 991 2021 instructa.

638 2067 836 2097 Nihilominus
859 2069 954 2095 tamen
977 2075 1032 2094 non
1054 2068 1152 2104 potest
1173 2066 1282 2103 negari,
1305 2063 1483 2094 intercedere
1504 2073 1636 2101 magnam
1669 2062 1812 2103 quandam
1844 2064 2010 2094 similitudi-

481 2154 545 2174 nem
580 2145 654 2173 inter
688 2145 837 2180 utrumque
872 2141 948 2170 hunc
987 2150 1116 2177 nervum,
1151 2144 1181 2170 et
1213 2150 1244 2170 re
1279 2149 1347 2170 vera
1369 2139 1441 2169 alter
1462 2138 1606 2176 analogon
1629 2139 1749 2169 alterius
1771 2141 1875 2178 poterit
1898 2139 2009 2176 haberi,

482 2341 619 2376 repletum,
641 2347 694 2374 quo
714 2339 863 2366 continetur
882 2338 923 2365 ilie
943 2338 1044 2370 Triton,
1065 2337 1170 2373 quando
1189 2336 1327 2372 paullulum
1347 2337 1458 2372 spiritus
1478 2337 1529 2363 vini
1558 2337 1710 2368 immittitur,
1731 2336 1870 2371 glandulae
1890 2337 1949 2364 illae
1968 2346 2010 2364 ex-

480 2393 582 2428 templo
602 2401 682 2428 agere
702 2393 834 2428 incipiunt,
860 2395 947 2418 eutem
967 2392 1065 2418 sensim
1085 2394 1193 2417 secreto
1213 2398 1324 2417 mucoso
1349 2389 1437 2417 albido
1458 2394 1597 2425 tegentes,
1623 2398 1676 2425 quo
1696 2393 1779 2417 totum
1806 2390 1911 2423 animal,
1938 2392 1962 2417 in
1986 2390 2010 2417 li-

483 2455 568 2482 quore
591 2448 627 2474 ita
647 2446 789 2473 commixto
810 2445 915 2473 tandem
935 2448 1075 2478 mortuum,
1096 2443 1231 2471 obtectum
1251 2447 1370 2479 apparet.
