2149 3261
1214 279 1252 324 S

475 415 572 455 anguli
609 413 786 444 maxillarum
823 411 965 442 editurus.
1007 410 1170 440 Descendit
1206 409 1312 438 deinde
1337 409 1407 439 infra
1431 411 1573 440 maxillam
1597 410 1768 446 inferiorem,
1791 413 1819 439 et
1841 412 1868 439 in
1891 411 2004 439 interno

475 491 561 520 huius
596 488 695 523 latere,
726 489 880 526 ipsumque
908 496 942 515 os
964 484 1021 515 tere
1043 494 1177 525 premens
1199 494 1291 523 usque
1312 483 1348 513 ad
1371 486 1480 523 apicem
1504 487 1591 515 menti
1614 485 1816 524 proficiscitur,
1838 485 2004 525 complures

477 565 615 594 continuo
650 572 745 591 ramos
780 563 808 591 in
845 561 1007 591 musculum
1043 558 1275 598 mylollyoideum
1311 563 1339 588 et
1371 560 1399 588 in
1422 564 1515 589 cutem
1538 561 1671 590 maxillae
1693 560 1837 590 inferioris
1859 562 2006 591 emittens.

476 639 590 669 Finitur
611 638 658 668 bic
681 647 778 666 ramus
799 636 915 666 duobus
937 636 1121 665 tenuissimis
1143 634 1200 664 filis
1221 636 1249 664 in
1273 636 1359 664 menti
1382 639 1448 664 cute
1470 639 1500 663 et
1521 636 1549 664 in
1572 636 1704 665 musculo
1734 635 1934 675 mylohyoideo
1957 645 2005 665 se-

478 714 573 744 cundo
596 711 745 751 (Volkm.)
767 722 800 742 se
821 709 1062 751 expandentibus.

638 788 753 818 Ramus
788 786 937 826 palatinus
972 787 1054 815 initio
1086 795 1150 814 cum
1180 795 1259 815 ramo
1295 785 1435 815 maxillari
1458 789 1536 815 arcte
1559 785 1720 815 cohaerens
1743 796 1808 815 mox
1830 784 1866 814 ad
1889 784 2008 814 interius

479 863 646 900 descendit,
678 867 706 892 et
737 866 900 892 antrorsum
936 863 1011 890 inter
1043 860 1155 890 oculum
1177 865 1206 889 et
1228 860 1419 890 membranam
1443 860 1530 900 palati
1554 871 1647 900 usque
1669 860 1704 890 ad
1727 863 1837 899 apicem
1861 863 1920 890 oris
1943 871 2010 900 pro-

481 940 618 979 grediens
641 938 739 968 multis
761 940 789 967 in
812 937 862 967 illa
885 936 1051 966 membrana
1075 935 1246 975 expanditur
1267 936 1395 965 ramulis.

642 1014 783 1042 Venimus
806 1023 882 1041 nunc
903 1011 940 1041 ad
962 1022 1070 1041 ramum
1094 1011 1251 1048 iugularem
1265 1012 1322 1047 (l),
1345 1013 1389 1040 via
1412 1021 1497 1050 quam
1519 1013 1702 1051 persequitur
1718 1021 1785 1050 prae
1797 1013 1930 1041 ceterise
1946 1011 2013 1041 Tri-

484 1090 592 1128 gemini
625 1088 743 1125 ganglia
777 1087 940 1116 orientibus
971 1088 1059 1115 ramis
1081 1085 1165 1115 valde
1187 1088 1338 1124 insignem.
1378 1087 1477 1124 Quum
1499 1088 1573 1116 enim
1596 1089 1683 1116 ceteri
1707 1097 1808 1116 onines
1831 1092 1881 1116 aut
1901 1091 2014 1116 antror-

484 1147 548 1194 snm
572 1167 621 1192 aut
644 1166 807 1197 extrorsum
832 1161 1006 1201 procedant:
1028 1161 1169 1190 ramulum
1192 1162 1303 1191 huncce
1324 1161 1359 1191 ad
1383 1164 1529 1201 posterius
1551 1172 1585 1192 se
1606 1166 1776 1192 convertere
1798 1166 1826 1191 et
1849 1172 1912 1192 cum
1930 1161 2015 1198 Vago

486 1240 717 1269 coniunctionem
740 1239 811 1266 inire
833 1237 976 1268 videmus.
1020 1235 1299 1266 praestantissimus
1321 1236 1434 1267 WVeber
1444 1237 1492 1275 (2)
1514 1239 1569 1266 iam
1592 1248 1655 1267 cum
1680 1239 1707 1266 in
1730 1237 1824 1273 Rana,
1841 1247 2015 1276 quamquam

485 1317 581 1344 minus
602 1317 691 1349 recte,
715 1312 881 1351 descripsit,
905 1313 1041 1351 nervique
1063 1313 1235 1352 sympatbici
1258 1315 1504 1342 continuationem
1527 1317 1673 1342 externam
1696 1314 1789 1351 ipsum
1821 1322 1888 1340 esse
1916 1311 2016 1342 voluit.

487 1389 676 1419 Clarissimus
712 1386 878 1416 Volkmann
910 1389 1018 1425 primus
1040 1386 1076 1415 ad
1099 1386 1283 1415 Facialem
1306 1397 1370 1416 cum
1393 1386 1560 1425 Trigemino
1582 1389 1767 1416 coniunctum
1790 1397 1853 1415 enm
1877 1396 1945 1415 esse
1975 1397 2019 1415 re-

487 1462 633 1493 ferendum
668 1463 797 1499 egregiis
833 1462 1038 1500 experimentis
1074 1460 1292 1491 demonstrarit.
1334 1462 1381 1490 An
1417 1467 1511 1491 tamen
1549 1472 1660 1496 omnes,
1695 1466 1725 1490 ut
1748 1461 1954 1490 celeberrimus
1977 1464 2020 1490 vir

489 1538 652 1573 contendit,
686 1537 734 1566 hic
765 1545 862 1565 ramus
890 1535 1031 1572 iugulatis
1053 1537 1199 1565 contineat
1221 1536 1386 1571 fasciculos,
1409 1539 1455 1575 qni
1478 1547 1492 1565 a
1516 1537 1613 1566 radice
1636 1536 1671 1566 ab
1695 1539 1825 1566 Acustici
1850 1539 1961 1574 origine
1983 1536 2019 1566 ad

489 1613 627 1652 ganglion
661 1611 786 1640 Gasscri
820 1613 909 1639 missa
933 1619 966 1638 ex
989 1609 1044 1638 hoc
1066 1613 1251 1649 proveniunt,
1274 1612 1370 1649 paullo
1393 1613 1462 1640 intra
1486 1621 1710 1649 cognoscemus
1753 1611 1902 1641 Invenitur
1923 1617 2018 1641 antem

491 1689 537 1718 hic
569 1696 666 1717 ramus
701 1695 757 1714 non
792 1685 884 1713 solum
920 1687 947 1713 in
977 1685 1090 1716 anone
1112 1691 1141 1715 et
1164 1685 1246 1715 Rana
1270 1686 1322 1715 sed
1345 1689 1429 1716 etiam
1453 1689 1480 1716 in
1504 1687 1638 1716 erunibus
1660 1687 1779 1725 reliquis
1804 1687 2021 1726 Amphibiorum

493 1763 632 1793 nudorum
668 1759 834 1797 generibus.
878 1758 908 1788 ln
947 1759 1059 1789 Bulone
1095 1761 1168 1790 lianc
1201 1761 1258 1790 fere
1281 1762 1409 1790 ostendit
1430 1764 1583 1790 rationem:
1612 1761 1654 1791 Ex
1676 1762 1795 1800 ganglio
1818 1767 1900 1791 ortus
1923 1764 2021 1791 statim

493 1838 529 1867 ad
561 1838 708 1875 posterius
741 1834 879 1870 flectitur,
915 1840 944 1863 et
980 1836 1006 1863 in
1038 1846 1139 1864 carum
1159 1839 1289 1882 *tympani
1313 1842 1469 1874 penctrans
1493 1837 1651 1866 ossiculum
1673 1837 1846 1866 auditorium
1869 1838 2024 1875 oblongum

495 1910 701 1940 transscendit.
744 1908 814 1937 Mox
838 1911 966 1947 tympani
990 1912 1117 1939 caritate
1140 1912 1240 1940 relicta
1261 1922 1325 1941 cnm
1348 1922 1426 1940 ramo
1448 1914 1678 1941 conununicante
1701 1915 1780 1942 nervi
1810 1912 1895 1950 vagi,
1928 1913 2025 1952 paullo

495 1986 567 2015 infra
603 1984 796 2013 describendo
834 1985 984 2014 coalescit.
1028 1985 1162 2023 Quocum
1200 1988 1383 2022 coniunctus2
1420 1986 1556 2023 fibrisque
1584 1989 1677 2026 ipsius
1701 1987 1775 2016 hand
1799 1997 1896 2026 parum
1920 1993 2025 2017 auctus

497 2061 661 2090 arctissime
683 2059 795 2088 adiacet
828 2061 888 2088 ossi
919 2060 1069 2098 quadrato,
1093 2067 1248 2100 tectusq-uc
1270 2071 1285 2089 a
1309 2062 1440 2090 musculo
1462 2067 1598 2100 tympano
1621 2063 1760 2091 maxillari
1784 2063 1946 2102 complures
1970 2064 2025 2101 ipsi

498 2136 665 2174 suppeditat
697 2144 804 2172 parvos
835 2135 972 2165 ramulos,
1016 2135 1082 2173 Quo
1105 2136 1180 2165 lacto
1201 2135 1237 2165 ad
1260 2137 1377 2165 interius
1400 2136 1581 2165 descendens
1604 2139 1631 2166 in
1655 2142 1714 2166 tres
1737 2147 1800 2166 mox
1823 2137 1961 2167 dividitur
1982 2148 2027 2166 ra-

659 2281 697 2311 (l)
719 2279 784 2308 Tan.
806 2279 824 2305 l.
857 2279 915 2313 Fig,
940 2281 959 2311 1,
982 2280 1005 2308 lt.

659 2333 697 2364 (2)
721 2333 750 2359 E.
771 2332 803 2360 H.
825 2333 946 2358 Weber
974 2335 1104 2359 anatomia
1135 2343 1249 2369 compar,
1280 2343 1354 2360 net‘v.
1385 2335 1516 2370 sympalli.
1547 2335 1603 2370 Lip.
1624 2336 1690 2362 1⁸17
1723 2337 1853 2371 Explicat.
1892 2338 1958 2365 Tul».
1982 2338 2027 2365 ΙΙΙ.

503 2386 560 2420 Fig.
580 2387 604 2415 4,
626 2387 657 2412 17
679 2385 929 2411 praestantissimus
952 2389 989 2412 vir
1009 2386 1075 2413 lium:
1097 2395 1192 2412 ramum
1213 2397 1226 2412 e
1249 2387 1324 2421 vago
1345 2390 1405 2413 oriri
1436 2389 1530 2415 deinde
1560 2398 1607 2424 prr
1626 2391 1767 2416 cavitatem
1794 2393 1969 2425 tympanicnm
1987 2401 2028 2418 an-

504 2444 617 2466 trorsum
638 2447 812 2473 progressum
833 2440 857 2464 in
877 2439 1017 2473 Trigemini
1037 2440 1160 2474 ganglion
1181 2442 1278 2466 intrare
1301 2441 1391 2467 voluit,
