2149 3261
804 264 888 310 23

803 860 866 903 ΙΙ.

561 951 1121 983 SALAMANDRINA.

795 1065 820 1102 ἕ.
860 1063 887 1094 8.

237 1139 352 1171 Primae
376 1139 594 1179 Amphibiorum
621 1138 761 1170 nudorum
784 1139 909 1169 familiae
932 1149 1038 1169 nervos
1061 1138 1252 1177 investiganti
1275 1137 1342 1167 mihi
1366 1137 1530 1177 complures
1545 1148 1611 1168 exo-

81 1215 228 1245 riebantur
249 1216 438 1255 quaestiones
461 1214 536 1245 haud
560 1217 600 1245 ita
623 1214 727 1245 faciles
749 1214 916 1246 diiudicatu.
959 1215 1020 1252 Sic,
1042 1219 1073 1244 nt
1095 1225 1181 1244 unum
1206 1224 1222 1243 e
1244 1213 1343 1243 multis
1364 1213 1524 1253 proferam,
1550 1215 1612 1244 sin-

76 1291 186 1330 gularia
208 1291 267 1327 illa,
289 1301 372 1329 quam
395 1290 532 1328 ganglion
561 1290 684 1320 Gasseri
706 1292 734 1320 in
757 1290 962 1320 Bombinatore
983 1300 1018 1319 ac
1040 1289 1184 1319 Pelobate
1207 1288 1348 1326 ostendit,
1381 1288 1470 1319 forma
1494 1288 1611 1319 dubium

77 1377 122 1396 me
143 1365 278 1401 reddidit,
301 1376 337 1394 an
360 1375 390 1394 re
412 1374 479 1394 vera
502 1364 551 1394 ille
572 1374 669 1394 ramus
691 1365 831 1403 iugularis
853 1365 935 1394 solus
958 1366 997 1394 sit
1018 1374 1160 1394 ramorum
1182 1376 1198 1394 e
1226 1365 1345 1403 ganglio
1373 1363 1532 1403 Trigemini
1555 1366 1611 1394 ori-

76 1443 195 1477 entium,
223 1449 307 1479 quem
334 1438 371 1468 ad
393 1438 518 1468 radicem
541 1449 576 1468 ex
599 1439 734 1468 Acustici
758 1441 869 1477 origine
891 1441 919 1468 in
942 1439 1011 1468 illud
1035 1442 1172 1469 emissam
1195 1438 1294 1468 referri
1318 1443 1472 1477 oporteret.
1515 1439 1610 1478 Quam

77 1521 172 1546 tamen
187 1525 245 1545 rem
262 1514 344 1544 solos
364 1512 577 1543 Ecaudatorum
600 1523 706 1543 nervos
729 1513 894 1543 cerebrales
915 1512 1101 1552 respiciendo
1124 1523 1180 1542 non
1205 1516 1285 1553 potui
1316 1513 1492 1553 disceptare,
1515 1526 1610 1554 neque

77 1593 161 1621 etiam
198 1592 391 1629 experimenta
427 1590 548 1618 motoria
584 1598 668 1628 quam
704 1590 940 1626 ingeniosissime
963 1590 1096 1618 instituta
1119 1587 1267 1618 sufficiunt
1289 1587 1325 1617 ad
1349 1598 1411 1617 eam
1439 1588 1608 1618 discernen-

76 1666 140 1696 dam
154 1666 212 1702 (l).
253 1664 324 1694 sota
359 1666 446 1702 igitur
478 1663 589 1703 reliqua
621 1667 683 1693 erat
715 1673 795 1702 spes,
824 1664 1066 1703 comparationem
1090 1674 1242 1693 nervorum
1266 1665 1293 1691 in
1316 1663 1371 1692 alia
1394 1663 1515 1701 quadam
1540 1666 1608 1694 Am-

75 1742 235 1782 pbibiorum
268 1738 408 1769 nudorum
445 1738 550 1768 familia
585 1748 641 1768 non
670 1738 763 1768 solum
787 1739 828 1768 illi
851 1740 890 1767 rei
913 1739 1036 1777 aliquam
1060 1739 1211 1768 allaturam
1235 1748 1302 1767 esse
1324 1738 1426 1773 lucem,
1449 1738 1500 1767 sed
1523 1742 1608 1769 etiam

74 1817 110 1847 ad
147 1816 221 1846 alias
256 1814 395 1854 quasdam
432 1815 628 1853 quaestiones,
663 1813 699 1843 de
733 1813 838 1851 quibus
867 1813 937 1843 infra
961 1814 1077 1844 uberius
1101 1816 1154 1843 erit
1176 1812 1377 1843 disserendum
1402 1813 1609 1852 disceptandas

75 1893 182 1923 valere.
225 1891 328 1929 Neque
364 1889 492 1928 profecto
527 1889 598 1918 haec
633 1899 702 1928 spes
739 1899 783 1919 me
819 1889 927 1926 fefellit,
956 1899 1157 1928 summumque
1181 1890 1286 1926 magni,
1310 1898 1394 1927 quem
1418 1888 1483 1917 mihi
1508 1889 1607 1919 horum

75 1967 239 1998 animalium
275 1971 332 1995 tam
369 1967 463 2003 exigui
499 1966 668 2003 systematis
706 1966 819 1993 nervosi
854 1966 1043 2002 investigatio
1073 1963 1203 2003 parabat,
1226 1964 1332 1993 laboris
1347 1964 1393 1999 (⁸2)
1417 1968 1522 1993 nactus
1545 1974 1608 1994 sum

233 2166 274 2198 (l)
294 2164 344 2191 Cui
372 2165 410 2190 rei
439 2164 607 2190 illustrissimi
637 2164 683 2190 viri
713 2163 860 2190 Volkmann
880 2163 1030 2198 exemplum
1051 2167 1094 2189 est
1113 2166 1278 2197 argumento,
1300 2163 1343 2197 qui
1364 2162 1470 2197 quidem
1490 2162 1607 2190 solorum

77 2221 166 2247 Ranae
197 2227 337 2245 nervorum
366 2220 493 2245 rationem
524 2217 625 2244 habens
651 2226 748 2244 ramum
769 2217 913 2252 iugularem
933 2220 1053 2243 nostrum
1073 2217 1161 2243 solum
1182 2224 1246 2243 esse
1265 2219 1390 2242 censeret
1411 2215 1551 2250 Trigemini
1571 2224 1608 2242 ra-

76 2282 184 2300 morum.
205 2274 248 2307 qui
267 2281 282 2299 a
302 2271 400 2298 Faciali
421 2275 495 2298 esset
515 2270 696 2297 deducendus*

234 2328 273 2357 (2)
296 2326 371 2359 Quae
403 2333 544 2351 nervorum
578 2324 768 2351 salamandrae
797 2323 969 2358 Tritonisque
999 2324 1132 2357 exiguitas
1162 2331 1272 2357 quoque
1302 2323 1426 2348 effecisse
1448 2323 1559 2353 videtur,
1581 2327 1607 2348 ut

77 2381 144 2407 nulla
166 2380 220 2406 sere
241 2380 263 2405 in
285 2379 356 2405 libris
377 2380 410 2405 ‹le
431 2379 522 2404 horum
543 2378 688 2404 animalium
708 2378 839 2405 anatomia
859 2377 1021 2412 conscriptis
1042 2378 1198 2411 systematis
1218 2377 1327 2402 nervosi
1355 2375 1423 2402 favia
1443 2376 1478 2401 sit
1499 2376 1604 2414 [nemin.

78 2434 188 2460 Frustra
219 2434 302 2459 omnia
331 2433 500 2467 pei-lustravi,
531 2440 598 2466 qnae
628 2431 823 2458 illustrissimus
845 2431 962 2458 Rusconi
983 2431 1016 2456 de
1036 2430 1175 2456 Tritonum
1196 2430 1326 2456 anatomia
1347 2433 1397 2456 tam
1419 2429 1499 2455 docte
1519 2429 1602 2455 disse-
