2149 3261
1198 278 1286 324 216

482 414 596 443 111alium
630 412 747 442 ordines
782 410 1014 448 contemplantes
1049 409 1077 439 id
1112 411 1258 448 possimus
1287 419 1475 446 cognoscere,
1505 408 1582 448 quod
1606 413 1705 438 natura
1729 412 1851 439 creatrix
1872 410 2016 449 singulam

481 486 624 526 quandam
662 486 795 515 familiam
834 484 984 514 formando
1018 484 1131 514 efficere
1164 483 1296 514 voluerit.
1319 501 1358 505 —
1380 483 1469 521 Quid,
1501 483 1578 522 quod
1601 483 1700 514 eadem
1722 484 1796 514 haec
1818 485 2016 523 cognoscendi

483 563 557 591 ratio
585 562 669 590 etiam
698 562 727 590 in
757 565 875 589 externa
897 559 1022 589 alicuius
1045 560 1160 598 generis
1183 558 1272 588 torma
1294 557 1498 596 investiganda
1522 558 1608 588 habet
1629 559 1744 588 locum?
1767 559 1873 589 Verum
1895 560 2019 590 alicuius

485 636 622 666 animalis
645 635 740 672 finem,
762 645 920 674 veramque
942 636 1036 673 ipsius
1059 638 1199 670 naturam,
1222 635 1261 662 uti
1285 633 1446 671 intelligere
1470 644 1526 662 nou
1549 636 1666 673 poteris,
1689 636 1744 664 nisi
1767 635 1884 664 aliorum
1907 645 2021 674 quoque

486 711 597 741 habeas
630 712 787 740 rationem:
820 711 865 739 sic
897 711 982 739 etiam
1010 711 1122 739 interna
1145 710 1274 748 corporis
1297 710 1477 738 constructio
1499 719 1567 738 vere
1589 712 1729 747 cognosci
1753 720 1809 739 non
1835 715 1942 749 potest,
1965 712 2020 739 nisi

484 797 548 816 cum
571 786 692 816 aliorum
713 784 811 814 formis
833 794 867 814 ea
890 788 1081 823 comparetur.
1104 802 1139 807 -
1163 783 1249 820 Quae
1272 785 1358 821 igitur
1380 793 1414 812 ex
1436 784 1542 821 singuli
1566 784 1717 813 cuiusdam
1746 785 1880 814 animalis
1915 787 2017 814 unius-

484 871 540 900 que
572 862 687 899 generis
723 859 892 888 formatione
926 858 1089 896 indaganda
1123 863 1348 896 cognoscuntur,
1376 858 1495 887 fructum
1519 858 1633 897 quidem
1658 858 1733 887 haud
1756 869 1874 898 parvum
1898 860 2021 889 afferunt

485 936 656 975 exploranti,
692 944 778 973 quum
813 933 898 963 basin
934 943 969 963 ea
1003 935 1087 972 quasi
1123 933 1280 972 praebeant
1315 932 1505 971 amplioribus
1535 933 1763 971 cognitionibus,
1786 936 1902 963 minoris
1925 939 2022 963 tamen

487 1010 595 1040 idcirco
617 1012 685 1038 sunt
706 1011 854 1044 momenti,
878 1007 953 1047 quod
977 1008 1057 1047 plura
1080 1018 1169 1046 saepe.
1191 1018 1225 1036 ex
1247 1008 1297 1036 tali
1320 1007 1499 1046 singulorum
1523 1010 1750 1046 investigatione
1773 1011 1909 1045 oriantur,
1932 1019 2017 1048 quam

487 1085 637 1114 solvantur
659 1083 845 1122 problemata.

648 1157 737 1196 Quod
770 1158 885 1192 quidem
919 1157 1078 1196 Reptilinm
1113 1157 1253 1186 nudorum
1287 1159 1384 1186 nervis
1418 1158 1604 1196 explorandis
1635 1169 1712 1188 novo
1735 1159 1920 1188 confirmatur
1941 1169 2026 1196 argu-

489 1238 593 1271 mento,
632 1244 717 1273 quum
751 1233 966 1262 Ecandatornm
1000 1233 1127 1262 solorum
1162 1238 1291 1272 systema
1325 1243 1479 1262 nervosum
1513 1235 1680 1273 respicienti
1714 1234 1879 1272 complures
1903 1244 2024 1270 maguae

491 1309 731 1347 difficillimaeque
763 1311 928 1337 exoriantur
961 1310 1162 1347 quaestiones,
1195 1319 1268 1346 quae
1301 1318 1334 1336 ex
1361 1308 1455 1336 solius
1478 1308 1563 1336 huius
1586 1308 1710 1337 familiae
1733 1318 1884 1336 nervorum
1908 1309 2027 1337 investi-

490 1386 615 1422 gatione
649 1383 725 1413 haud
757 1383 841 1412 facile
874 1388 976 1411 essent
998 1381 1214 1421 disceptandae.
1260 1381 1394 1411 Vidimus
1417 1382 1564 1421 complura
1588 1384 1615 1411 in
1637 1383 1727 1412 hacce
1748 1383 1854 1412 familia
1877 1393 2028 1412 nervorum

493 1461 572 1497 paria
606 1462 739 1493 connata,
772 1467 918 1486 numerum
952 1456 1019 1485 inde
1042 1466 1191 1485 nervorum
1215 1456 1401 1485 cerebralium
1425 1456 1508 1485 valde
1532 1459 1720 1493 imminutum,
1743 1462 1771 1486 et
1793 1458 1923 1486 nonnulli
1947 1468 2030 1497 prae-

492 1539 572 1562 terea
604 1535 784 1572 reperiuntur
818 1533 888 1560 rami
921 1530 995 1560 adeo
1029 1531 1205 1568 singulares,
1234 1541 1352 1568 quorum
1382 1534 1409 1559 in
1438 1531 1554 1560 homine
1576 1532 1833 1572 superioribusque
1855 1532 2030 1562 animalibus

494 1608 603 1637 nullutn
637 1609 727 1646 primo
764 1607 896 1644 aspectui
920 1616 953 1633 se
975 1605 1111 1633 ostendat
1135 1607 1298 1642 vestigium.
1342 1606 1492 1642 Quaenam
1516 1608 1576 1635 sint
1598 1608 1815 1636 coniunctorum
1838 1609 1958 1637 istorum
1982 1618 2030 1647 pa-

496 1684 567 1712 rium
604 1685 711 1720 partes,
749 1681 864 1718 quinam
902 1690 935 1708 ex
971 1680 1097 1717 gangli;s
1136 1683 1263 1709 orientes
1299 1682 1367 1709 rami
1404 1681 1600 1719 respondeant
1636 1682 1760 1719 singulis
1784 1685 1890 1718 nervis,
1917 1686 2032 1722 quinam

497 1759 576 1786 nervi
609 1755 733 1793 denique
766 1756 792 1783 in
825 1754 1026 1789 superioribus
1050 1755 1223 1785 vertebratis
1244 1754 1406 1784 rudimenta
1430 1758 1512 1794 quasi
1536 1762 1562 1784 et
1585 1757 1710 1794 analoga
1734 1768 1881 1794 novorum,
1905 1769 1979 1797 qnos
2002 1761 2030 1788 iu

496 1830 661 1862 Bau-achiis
696 1831 869 1864 invenimus,
901 1840 1050 1858 nervorum
1084 1832 1142 1858 sint
1176 1829 1324 1859 habenda:
1352 1833 1446 1859 omnia
1470 1831 1577 1860 haecce
1599 1832 1788 1871 problemata,
1810 1836 1922 1863 etiamsi
1947 1844 2031 1873 quam

502 1905 738 1943 ingeniosissima
774 1906 912 1933 instituas
948 1906 1152 1943 experimenta,
1195 1905 1271 1934 haud
1294 1907 1331 1934 ita
1355 1906 1438 1934 facile
1460 1905 1619 1942 dissolves,
1641 1908 1696 1936 nisi
1721 1918 1783 1937 cum
1807 1909 1927 1947 reliquis
1949 1908 2034 1938 huius

501 1980 611 2010 ordinis
644 1979 743 2008 formis
778 1984 907 2017 systema
931 1989 1086 2009 nervosum
1111 1978 1323 2009 Ecaudatorum
1348 1991 1508 2020 compares,
1550 1983 1594 2011 Ac
1616 1981 1743 2020 profecto
1765 1983 1840 2012 haud
1864 1986 1943 2022 parvi
1966 1994 2035 2013 esse

503 2056 641 2084 momenti
675 2053 748 2083 hanc
776 2055 1032 2092 comparationem,
1055 2058 1082 2083 et
1105 2055 1140 2083 ad
1165 2057 1259 2084 omnia
1282 2056 1342 2091 illa,
1365 2065 1439 2094 quae
1461 2057 1546 2084 nnius
1567 2056 1646 2085 illius
1669 2056 1793 2086 familiae
1815 2069 1921 2088 nervos
1944 2061 2035 2098 respi-

502 2128 646 2159 cientibus
680 2127 804 2157 obseura
840 2132 926 2167 atque
961 2128 1098 2167 impedita
1133 2134 1310 2166 remaneant,
1342 2130 1435 2159 lucem
1467 2131 1568 2160 afferre
1589 2141 1674 2170 quam
1697 2134 1863 2162 maximam:
1886 2144 1919 2162 ex
1943 2134 2034 2171 bisce,

504 2214 578 2243 quae
600 2205 805 2241 insequuntur,
829 2202 1093 2242 disquisitionibus,
1115 2208 1145 2232 ut
1168 2206 1278 2242 opinor,
1301 2204 1434 2234 elucebit.

1218 2277 1242 2314 ᾧ.
1286 2280 1311 2308 l.

663 2351 750 2390 Quod
783 2354 901 2391 primum
929 2352 965 2382 ad
988 2363 1021 2382 ea
1044 2355 1146 2383 attinet
1169 2355 1256 2392 paria,
1280 2353 1384 2392 quibus
1407 2355 1529 2384 musculi
1553 2356 1700 2386 oculorum
1724 2360 1821 2387 nervis
1844 2362 2034 2397 instruuntur,

505 2429 625 2458 maxime
657 2426 751 2462 doleo,
783 2437 827 2456 me
858 2427 1037 2457 solummodo
1070 2429 1098 2457 in
1126 2428 1269 2466 prioribus
1292 2428 1406 2459 duabus
1430 2431 1514 2459 huius
1538 2430 1648 2462 ordinis
1671 2432 1787 2463 familiis
1809 2444 1908 2465 eorum
1930 2435 2035 2466 formas
