2149 3261
1246 269 1334 314 62

525 408 631 437 tissimi
652 407 705 435 viri
728 404 841 434 Weber
863 404 1007 432 sententia
1029 400 1190 430 confirmari
1214 399 1342 436 videtur,
1376 398 1514 437 ganglion
1546 400 1626 438 paris
1656 398 1759 429 decimi
1791 401 1887 439 potius
1908 399 1944 429 ad
1966 399 2052 439 Sym-

525 481 669 519 pathicum
693 488 777 517 quam
800 476 837 507 ad
859 478 954 517 ipsum
976 475 1091 514 Vagum
1113 474 1293 505 referendum
1316 483 1384 504 esse
1406 475 1562 504 statuentis
1577 474 1633 511 (l).

685 553 830 583 Ramum
852 551 1106 581 intestinalem
1130 550 1205 589 Vagi
1239 550 1363 589 deniquo
1396 559 1426 578 re
1448 559 1515 579 vera
1551 551 1645 588 ipsum
1667 558 1718 588 par
1739 548 1881 579 decimum
1903 559 1985 587 esse,
2019 561 2054 580 ex

527 630 615 660 forma
649 630 758 668 ipsius,
792 628 973 666 superiorum
1009 625 1235 655 vertebratorum
1273 634 1360 654 nervo
1395 623 1481 662 Vago
1516 623 1661 654 simillima
1691 624 1796 656 elucet.
1838 623 1952 655 Pariter
1981 627 2056 656 enim

529 709 616 744 atque
650 705 679 732 in
712 702 769 732 illis
791 703 817 731 is
850 700 990 730 musculis
1021 700 1152 739 laryngis
1173 700 1285 738 (ramus
1307 700 1489 736 recurrens),
1524 698 1722 738 pulmonibus,
1760 699 1934 738 pericarffio,
1971 710 2058 730 oeso-

530 779 640 819 phago,
675 776 825 808 stomacho
847 774 1016 815 suppeditat
1038 785 1160 812 nervos,
1181 776 1209 804 in
1233 784 1267 804 eo
1289 773 1472 805 solummodo
1500 773 1537 803 ab
1559 773 1670 804 illorum
1693 774 1781 804 forma
1803 774 1954 811 recedens,
1976 775 2055 814 quod

532 852 672 884 musculis
707 851 855 882 nonnuliis
890 851 1039 890 scapulam
1076 855 1105 880 et
1138 860 1172 880 os
1207 849 1360 888 hyoideum
1395 848 1581 879 moventibus
1617 859 1723 878 nervos
1749 850 1883 889 impertit.
1925 849 2058 889 lpsorum

532 933 628 958 autem
651 938 686 957 ex
707 936 785 957 ramo
808 926 971 956 intestinali
999 927 1150 955 orientium
1185 934 1325 954 ramorum
1360 924 1444 954 solus
1478 933 1576 954 ramus
1609 933 1761 954 recurrens
1796 924 1911 964 aliquod
1946 925 2062 955 exhibet

535 1003 703 1038 discrimen,
736 1003 844 1040 quippe
877 1002 923 1038 qui
946 1002 973 1029 in
995 999 1210 1030 Ecaudatoruni
1244 999 1349 1029 familia
1372 998 1460 1028 multo
1491 1001 1585 1028 maius
1610 998 1745 1028 ostendat
1769 999 1904 1029 volumen
1927 1009 2010 1038 quam
2033 1002 2062 1029 in

536 1060 669 1107 omnibus
690 1075 809 1114 reliquis
831 1075 995 1113 generibus.
1039 1078 1136 1113 Atque
1165 1077 1193 1103 in
1221 1075 1279 1104 illis
1305 1073 1419 1113 quidem
1441 1073 1637 1112 amplissimus
1659 1075 1687 1103 in
1710 1073 1784 1112 Hyla
1807 1078 1836 1104 et
1857 1074 2064 1105 Boinbinatore

537 1153 672 1188 cernitur,
707 1150 844 1181 subtilior
866 1152 894 1180 in
916 1149 1011 1186 Rana,
1043 1151 1235 1178 tenuissimus
1257 1150 1384 1178 oninium
1406 1150 1435 1178 in
1456 1147 1577 1185 Bufone,
1603 1158 1687 1188 quam
1708 1158 1766 1178 rein
1790 1151 1896 1188 optime
1918 1160 1982 1179 cum
2004 1151 2066 1180 lun-

539 1229 635 1258 ctione
667 1227 761 1266 ipsius
793 1234 954 1263 congruere
985 1229 1121 1263 apparet3
1157 1225 1293 1253 maiorem
1327 1225 1402 1252 enim
1434 1225 1462 1253 in
1493 1225 1530 1253 iis
1561 1223 1732 1261 generibus,
1765 1234 1839 1262 quae
1870 1225 1946 1254 altos
1978 1225 2066 1254 edunt

540 1303 696 1340 clangores
720 1299 847 1330 ostendit
870 1299 1025 1329 voluminis
1047 1298 1282 1340 amplitudinem,
1317 1308 1402 1338 quam
1424 1300 1453 1328 iu
1475 1300 1527 1335 iis,
1562 1308 1637 1337 quae
1662 1298 1749 1328 debili
1770 1303 1882 1328 tantum
1904 1309 1977 1329 voce
1998 1305 2067 1330 sunt

541 1379 693 1407 instructa.

702 1523 773 1554 Par
804 1521 1028 1552 undecimum
1064 1522 1092 1550 in
1125 1520 1189 1550 sola
1222 1519 1295 1560 Pipa
1329 1519 1479 1558 dorsigera
1511 1520 1583 1549 liber
1603 1523 1691 1559 atque
1712 1522 1863 1551 seiunctus
1886 1527 1930 1552 est
1952 1533 2070 1559 nervus,

545 1599 763 1637 musculosque,
785 1602 817 1626 ut
838 1606 925 1635 supra
948 1595 1219 1631 demonstravimus,
1239 1594 1417 1624 abductores
1440 1596 1544 1634 capitis
1566 1596 1684 1624 instruit
1706 1597 1812 1625 nervis.
1855 1597 1951 1635 Quum
1974 1604 2070 1629 autem

545 1678 574 1705 in
595 1675 713 1712 reliquis
738 1670 953 1710 Amphibiorum
975 1668 1117 1699 nudorum
1140 1669 1296 1706 generibus
1319 1669 1416 1698 nullus
1440 1672 1556 1699 omnino
1578 1672 1741 1700 inveniatur
1764 1681 1869 1701 nervus
1892 1683 1925 1702 ex
1953 1674 2072 1704 cerebro

547 1751 655 1785 oriens,
686 1748 733 1786 qui
769 1745 890 1776 eundem
925 1755 1009 1784 quam
1044 1744 1093 1773 ille
1124 1744 1230 1774 habeat
1261 1744 1424 1780 decursum,
1446 1745 1578 1783 quaestio
1600 1747 1735 1781 exoritur,
1757 1751 1850 1775 utrum
1872 1748 2072 1779 Accessorius

548 1823 671 1853 Willisii
702 1832 733 1851 re
754 1830 822 1850 vera
844 1820 882 1849 ibi
906 1819 1095 1856 desideretur,
1128 1829 1164 1848 an
1186 1818 1311 1848 fortasse
1333 1829 1396 1848 cum
1419 1819 1476 1848 alio
1499 1823 1644 1849 conuatus
1666 1821 1707 1849 sit
1729 1831 1828 1852 nervo.
1871 1824 1916 1851 Ac
1939 1823 2073 1854 facillima

549 1898 662 1938 quidem
693 1897 766 1926 haec
798 1897 931 1935 quaestio
963 1897 1010 1923 est
1038 1893 1207 1925 diiudicatu.
1248 1894 1337 1924 Nervi
1360 1896 1434 1924 enini
1457 1894 1607 1924 musculos
1628 1893 1804 1925 abduc-tores
1826 1899 1929 1936 capitis
1952 1898 2074 1929 fascicu-

550 1974 586 2004 lis
617 1974 680 2002 suis
712 1973 890 2001 instruentes
925 1971 1011 1999 etiam
1047 1971 1075 1998 iu
1107 1969 1227 2007 reliquis
1254 1968 1340 1998 huius
1364 1968 1474 1998 ordinis
1496 1968 1651 2007 generibus
1674 1971 1789 2000 minime
1811 1970 2021 2012 desiderantur,
2043 1986 2077 2004 ex

552 2048 742 2088 Hypoglosso
775 2045 814 2075 ibi
848 2045 952 2082 (nervo
989 2045 1080 2083 primo
1116 2043 1266 2080 cervicali)
1302 2045 1437 2074 orientes.
1479 2043 1566 2073 Paria
1594 2044 1775 2074 undecimum
1803 2047 1892 2084 igitur
1913 2053 1942 2077 et
1964 2048 2074 2080 duode-

554 2126 657 2153 cimum
689 2124 717 2151 in
750 2121 895 2160 plerisque
922 2118 1079 2157 generibus
1101 2122 1170 2148 sunt
1191 2120 1357 2156 coniuncta,
1379 2121 1507 2158 ramique
1527 2119 1568 2149 illi
1590 2119 1646 2149 duo
1668 2119 1705 2149 ad
1728 2122 1879 2152 musculos
1900 2123 2077 2156 abductores

556 2200 659 2237 capitis
682 2197 781 2226 emissi
802 2194 840 2225 ad
861 2194 1071 2224 Accessorium
1094 2198 1162 2223 sunt
1183 2192 1332 2223 referendi.
1375 2194 1508 2224 Ceterum
1532 2194 1603 2223 liber
1624 2194 1670 2224 hic
1691 2198 1769 2235 paris
1801 2196 1944 2228 undecimi
1977 2198 2077 2230 decur-

556 2282 618 2309 sus,
653 2281 728 2301 novo
761 2275 792 2300 ut
824 2272 923 2308 opinor
948 2279 1009 2299 eain
1032 2270 1205 2298 sententiam
1227 2269 1268 2306 (si
1291 2270 1406 2298 omnino
1429 2269 1500 2299 haec
1521 2272 1699 2308 argumentis
1723 2271 1841 2309 egebat)
1864 2273 2011 2305 confirmat
2032 2286 2078 2305 ar-

717 2423 755 2455 (l)
776 2423 854 2451 Anat.
875 2430 961 2457 comp,
982 2430 1056 2451 nerv.
1076 2421 1207 2457 sympath.
1228 2429 1272 2457 pg.
1286 2423 1329 2449 42.
