2149 3261
1227 307 1313 351 22

506 443 602 473 radice
630 447 658 471 et
680 442 716 471 ab
738 440 920 470 Abducentis
943 440 1054 476 origine
1075 440 1103 467 in
1126 438 1264 475 gangiion
1287 439 1412 466 emissas
1435 439 1593 475 continere,
1615 439 1642 468 hi
1665 438 1754 469 radici
1776 440 1813 469 ab
1837 441 1982 470 Acustico
2006 444 2033 471 in

505 517 641 556 gangiion
664 516 761 545 editae
782 513 962 555 respondere
984 512 1146 545 videantur.
1189 512 1277 551 Quod
1300 512 1415 551 quidem
1437 523 1467 542 re
1490 523 1555 542 vera
1579 515 1618 544 ita
1640 524 1673 544 se
1700 514 1807 544 habere
1838 515 2036 546 Salamandri—

507 602 605 622 norun·
629 592 800 630 systematis
822 591 938 620 nervosi
961 588 1050 619 forma
1072 570 1130 618 nos
1151 588 1246 625 docet,
1268 588 1365 628 paullo
1388 587 1459 618 infra
1482 589 1614 628 pluribus
1636 589 1838 620 describenda.

666 666 752 696 Aliud
785 669 935 705 praeterea
967 667 995 694 in
1025 664 1183 702 'trigemini
1206 665 1294 693 ramis
1317 663 1471 693 discrimen
1495 665 1523 693 in
1547 663 1688 694 Peiobate
1710 676 1744 695 ac
1767 666 1974 697 Bonlbinatore
1995 668 2038 696 in-

506 744 654 778 venimus,
677 752 734 771 non
758 743 852 771 minus
874 740 1022 779 singulare
1045 749 1129 779 quam
1151 738 1231 771 illud.
1273 739 1385 769 Ramus
1407 739 1556 779 palatinus
1578 741 1664 777 enim,
1690 743 1858 781 priusquam
1886 741 1942 771 sub
1974 752 2039 780 pro-

506 827 622 848 cessum
658 816 805 847 dentatum
842 818 967 846 vomeris
1002 818 1141 855 permeat,
1176 813 1317 844 ramulum
1354 814 1430 844 haud
1468 817 1600 853 exiguum
1626 819 1787 845 extrorsum
1821 819 1935 853 emittit,
1955 827 2038 856 quem

506 892 633 933 quiden),
669 894 695 923 si
731 896 816 922 caute
851 893 945 932 ipsius
981 892 1056 921 viam
1092 891 1277 930 persequeris
1309 900 1378 920 arcu
1402 891 1478 920 circa
1502 890 1616 920 ocnium
1638 890 1723 928 flecti,
1746 890 1858 927 deinde,
1881 891 2041 922 directione

507 972 627 1005 mutata,
667 978 815 998 recurrere
849 971 879 997 et
913 968 940 996 in
976 976 1083 996 ramum
1112 965 1288 995 maxinarem
1310 967 1486 1005 superiorem
1510 967 1635 995 transire
1656 965 1780 1002 videbis,
1803 967 1842 996 ita
1864 971 1895 997 ut
1917 967 2039 1007 iaqueus

508 1046 589 1082 qnasi
618 1043 757 1072 efficiatur
785 1053 801 1072 a
825 1041 937 1071 duobus
960 1041 1018 1070 illis
1041 1052 1074 1070 ex
1097 1041 1215 1079 gangiio
1240 1041 1397 1079 Trigentini
1422 1040 1583 1071 orientibus
1607 1043 1703 1072 ramis.
1747 1041 1830 1079 Quae
1852 1052 1899 1072 res
1921 1053 1956 1072 eo
1979 1053 2040 1072 ma-

506 1121 552 1156 gis
573 1122 694 1157 apparet
715 1117 872 1156 singuiaris
897 1121 924 1145 et
947 1118 1080 1154 insignis,
1104 1115 1180 1155 qnod
1203 1126 1300 1146 ramus
1323 1117 1480 1155 palatinus,
1504 1120 1534 1146 ut
1555 1117 1627 1147 infra
1649 1116 1823 1152 videbimus,
1845 1128 1875 1146 re
1898 1128 1964 1147 vera
1981 1129 2037 1148 non

507 1194 629 1231 pertinet
650 1192 687 1222 ad
708 1202 759 1232 par
781 1193 920 1231 quintum,
943 1193 984 1222 ita
1006 1196 1036 1221 ut
1058 1201 1192 1229 magnum
1215 1191 1252 1221 ibi
1276 1191 1408 1230 laqueum
1431 1202 1584 1222 cernamus
1607 1202 1624 1223 a
1646 1191 1764 1222 duorum
1788 1195 1897 1231 parium
1929 1193 2036 1224 tinibus

507 1268 667 1298 formatum.

664 1342 776 1373 Ramus
810 1343 952 1381 iugularis
987 1341 1118 1379 eandem,
1140 1352 1225 1381 quam
1247 1341 1324 1381 apud
1346 1347 1460 1371 ceteros
1482 1342 1609 1372 ostendit
1630 1344 1761 1379 formam,
1783 1343 1869 1372 modo
1893 1347 1923 1372 ut
1945 1353 2041 1372 ramus

507 1417 689 1454 auricularis,
721 1420 749 1446 in
781 1416 903 1453 Bnione,
936 1416 1030 1453 Rana,
1058 1415 1133 1455 Hyia
1159 1415 1196 1445 ab
1220 1417 1284 1455 ipso
1306 1417 1435 1445 emissus
1457 1418 1484 1445 in
1508 1416 1635 1454 duobus,
1658 1417 1695 1447 de
1717 1418 1822 1457 quibus
1845 1428 1920 1447 nunc
1941 1420 2038 1456 agitur

507 1492 663 1530 generibus
698 1490 890 1526 desideretur,
924 1501 980 1529 quo
1016 1492 1105 1528 igitur
1138 1499 1226 1519 nervo
1258 1500 1291 1519 ea
1313 1494 1423 1519 tantum
1448 1490 1663 1521 Batrachiorum
1687 1502 1792 1530 genera
1817 1492 1947 1532 praedita
1971 1503 2039 1523 esse

507 1566 650 1602 videntur,
672 1575 746 1604 quae
767 1565 931 1595 membrana
954 1566 1082 1604 tympani
1104 1569 1220 1594 externe
1243 1567 1397 1604 perspicua
1419 1570 1488 1595 sunt
1511 1568 1661 1598 instructa.

667 1640 780 1678 Vagum
803 1639 928 1679 denique
950 1639 1141 1678 eiusdemque
1163 1649 1258 1669 ramos
1280 1639 1400 1669 eandem
1424 1642 1451 1669 in
1474 1643 1640 1671 universum
1665 1644 1691 1672 in
1718 1641 1859 1672 Pelohate
1886 1653 1921 1673 ac
1951 1643 2038 1673 Bom-

508 1717 638 1747 binatore
660 1714 815 1746 ostendere
837 1714 954 1744 formam
977 1716 1083 1751 inveni,
1106 1725 1190 1754 quain
1214 1717 1242 1744 iu
1263 1714 1384 1754 reliquis
1406 1715 1577 1747 Ecaudatis.
1604 1737 1636 1742 -

1159 1890 1273 1909 ‘on-&3
1276 1891 1387 1910 0000·—
