2149 3261
806 292 890 339 35

506 793 535 824 3.
578 792 891 833 llypochthon
934 794 1193 832 Anguinus.

787 902 813 940 §.
855 905 902 936 13.

244 976 377 1007 Rarioris
408 978 494 1007 huius
526 979 660 1009 animalis
692 979 864 1018 exemplum,
886 979 964 1019 quod
986 981 1122 1019 egregiae
1143 980 1337 1011 illustrissimi
1360 981 1411 1010 viri
1433 978 1461 1011 J.
1483 977 1618 1009 Miiller

82 1050 248 1082 liberalitati
271 1051 373 1089 debeo,
396 1054 510 1082 circiter
531 1053 669 1084 tredecim
692 1054 817 1094 pollices
838 1055 955 1094 longum
978 1059 1041 1085 erat
1063 1059 1092 1085 et
1112 1055 1150 1086 ad
1179 1059 1310 1094 systema
1342 1064 1499 1085 nervosum
1531 1064 1617 1084 accu-

80 1128 172 1156 ratius
194 1127 427 1166 investigandum
450 1127 487 1158 ob
509 1129 734 1167 magnitudinem
755 1129 842 1161 valde
864 1130 1000 1160 idoneum
1023 1141 1092 1161 esse
1113 1130 1273 1162 videbatur.
1322 1130 1422 1169 Quare
1453 1139 1489 1159 eo
1523 1130 1616 1167 magis

81 1199 174 1237 doleo,
209 1202 300 1232 fuisse
333 1202 392 1233 hoc
426 1204 587 1243 exemplum
622 1204 689 1234 olim
724 1205 852 1235 fortasse
887 1210 936 1235 aut
971 1207 1000 1236 in
1035 1208 1139 1246 spiritu
1174 1207 1234 1235 vini
1269 1207 1355 1235 nimis
1387 1204 1476 1235 debili
1499 1213 1615 1234 conser-

80 1280 188 1313 vatum,
220 1282 269 1306 aut
301 1277 414 1307 deinum
449 1278 567 1318 aliquod
599 1284 714 1320 tempus
736 1285 802 1320 post
824 1285 943 1311 mortem
965 1283 991 1311 ei
1014 1283 1198 1321 impositum:
1219 1280 1368 1311 cerebrum
1391 1281 1465 1310 enim
1488 1289 1616 1310 macera-

80 1352 160 1380 tione
181 1353 220 1381 ita
243 1358 406 1391 corruptum
430 1353 642 1392 inveniebatur,
663 1359 694 1384 ut
716 1355 752 1384 de
773 1355 935 1394 originibus
955 1366 1107 1385 nervorum
1123 1356 1162 1385 nil
1178 1358 1249 1386 certi
1265 1356 1430 1396 disceptare
1445 1357 1615 1395 potuissem.

81 1424 191 1454 Eadem
228 1426 300 1455 baec
331 1431 377 1455 est
409 1437 525 1463 caussa,
554 1438 605 1457 cur
625 1428 661 1457 de
682 1431 793 1467 parium
815 1431 902 1466 tertii,
923 1432 1026 1468 quarti,
1048 1432 1123 1460 sexli
1143 1430 1254 1467 formis,
1275 1440 1349 1468 quas
1370 1429 1485 1469 quidem
1507 1439 1616 1467 cogno-

81 1500 183 1531 scendi
214 1500 423 1540 cupidissimus
455 1512 542 1539 eram,
574 1501 713 1532 iudicium
744 1507 895 1542 praestare
916 1505 1028 1542 possim
1051 1503 1176 1533 nullum:
1196 1505 1275 1542 quin,
1297 1515 1334 1534 ne
1354 1504 1532 1535 contendere
1553 1506 1615 1544 qui-

81 1575 144 1605 dem
168 1578 272 1612 ausim,
293 1581 387 1606 utrum
410 1579 528 1606 omnino
549 1576 648 1607 adsint
669 1578 697 1607 hi
719 1579 817 1615 nervi,
838 1589 892 1607 nec
915 1588 960 1608 ne.

240 1647 482 1690 Trigeininu's
506 1656 565 1681 tres
587 1654 692 1682 emittit
712 1662 820 1691 ramos,
841 1653 981 1690 nasalem,
1002 1652 1178 1683 maxillarem
1201 1654 1378 1692 superiorem
1399 1657 1428 1683 et
1439 1653 1614 1683 maxillarem

82 1725 254 1762 inferiorem,
287 1737 389 1756 omnes
420 1726 478 1756 fere
509 1728 595 1766 aequi
628 1727 795 1765 voluminis,
827 1728 1008 1768 eandemque
1039 1730 1067 1757 in
1090 1716 1256 1757 universum
1277 1727 1466 1758 ostendentes
1488 1728 1614 1765 formam,

80 1811 164 1840 quam
187 1804 214 1831 in
240 1802 481 1833 Salamandrinis.

238 1876 353 1906 Remus
385 1877 497 1906 nasalis
510 1877 557 1914 (1)
589 1887 640 1916 per
661 1882 862 1916 segregatum,
887 1882 915 1907 ut
938 1878 1162 1908 illustrissimus
1182 1877 1377 1914 Rusconiffl)
1398 1879 1453 1907 iam
1475 1877 1614 1907 observa-

82 1953 132 1987 vit,
165 1951 290 1981 foramen
323 1962 338 1980 e
373 1955 469 1981 cranio
491 1962 643 1990 egressus,
664 1957 828 1982 antrorsnm
852 1952 1054 1992 proficiscitur,
1076 1953 1190 1992 alisque
1212 1952 1407 1982 anterioribus
1428 1954 1507 1982 ossis
1528 1953 1615 1992 sphe-

81 2026 178 2056 noidei
211 2027 349 2056 adiacens
381 2027 437 2056 sub
469 2027 602 2056 musculo
635 2029 823 2057 masseterico
849 2028 928 2059 latet.
970 2027 1002 2057 ln
1025 2027 1099 2057 duas
1121 2027 1226 2057 deinde
1248 2027 1387 2057 dividitur
1408 2033 1515 2067 partes,
1538 2038 1613 2068 quae

82 2103 183 2132 ambae
206 2102 239 2131 ad
263 2104 375 2141 apicem
399 2105 461 2131 nasi
486 2102 678 2141 procedentes
701 2104 728 2132 in
752 2105 880 2141 margine
902 2104 1046 2132 anteriore
1060 2105 1225 2133 incrassato
1238 2103 1286 2141 (3)
1296 2105 1390 2143 ipsius
1402 2103 1612 2143 expanduntur.

243 2249 281 2280 (l)
304 2247 371 2275 Tab.
392 2247 436 2275 ΙΙΙ.
468 2247 527 2281 Fig.
550 2249 572 2279 l,
593 2247 618 2276 b.

239 2302 277 2333 (2)
300 2301 327 2327 P.
352 2300 525 2335 Configliachi
546 2309 560 2327 e
581 2301 617 2329 Μ.
639 2301 758 2327 Rusconi
779 2301 891 2336 Monog.
912 2301 954 2328 del
975 2302 1049 2328 Prot.
1071 2310 1131 2336 ang.
1170 2301 1253 2328 Pavia
1273 2302 1349 2335 1819,
1371 2311 1431 2337 pag.
1444 2303 1487 2331 95.

241 2354 279 2386 (3)
300 2354 412 2380 Videtur
438 2355 504 2380 haec
523 2356 695 2389 prominentia
716 2355 829 2389 turgida,
856 2364 924 2390 quae
945 2364 978 2381 ex
999 2355 1102 2381 maxilla
1127 2355 1250 2382 inferiore
1275 2357 1405 2391 incipiens
1430 2356 1464 2382 ad
1487 2357 1612 2391 superius

82 2412 109 2434 et
129 2409 247 2434 anterius
267 2409 389 2434 ascendit
409 2411 435 2434 et
460 2416 545 2442 usque
565 2407 599 2434 ad
626 2409 684 2435 nasi
703 2410 804 2444 apicem
824 2408 1004 2444 progreditur,
1037 2417 1157 2443 organon
1185 2417 1249 2436 esse
1277 2409 1419 2436 sentiendo
1439 2409 1611 2437 destinatum:

79 2466 206 2500 quattuor
226 2462 292 2488 enim
311 2462 384 2487 nervi
403 2462 470 2487 satis
491 2462 585 2496 magni,
613 2462 659 2496 qui
679 2463 703 2488 in
724 2470 755 2489 ea
775 2461 961 2497 expanduntur
980 2461 1046 2489 hanc
1067 2463 1117 2497 ipsi
1137 2462 1216 2489 tribui
1236 2463 1287 2489 vim
1307 2465 1364 2489 fere
1384 2462 1483 2491 iubent.

1371 2505 1404 2533 5*
