2149 3261
871 276 909 321 ὃ

279 404 560 444 Patlieticusss)
583 407 632 437 illo
655 408 746 438 multo
768 411 881 438 tenuior
902 408 938 438 ab
961 412 1111 448 superiore
1138 415 1287 450 postremo
1321 421 1469 452 corporum
1502 413 1654 452 quadrige-

118 482 257 510 minorum
280 483 409 519 margine
431 481 581 517 oriundus,
603 485 709 522 pariter
731 488 819 523 atque
840 484 889 513 ille
910 490 1072 513 extrorsum
1095 489 1124 513 et
1144 490 1307 515 antrorsnm
1331 488 1514 525 progreditur
1544 493 1574 518 et
1602 499 1651 527 per

117 555 242 585 foramen
265 556 363 595 paullo
384 566 470 596 snpra
494 557 705 588 Oculomotorii
727 563 888 597 aperturam
911 560 1037 596 positum
1058 569 1093 588 ex
1114 562 1203 589 cranii
1236 561 1362 589 cavitate
1395 572 1545 599 egressus,
1576 564 1651 593 orbi-

118 635 177 660 tam
200 633 296 662 intrat.

276 706 365 736 Nervi
389 706 593 745 Trigemini
617 710 696 746 origo
717 706 871 738 admodum
892 710 1082 748 compositam
1105 709 1238 739 ostendit
1261 715 1406 747 naturam,
1439 713 1546 751 quippe
1576 723 1649 753 quae

116 781 211 811 tribus
232 783 374 811 seiunctis
396 782 544 813 radicibus
565 787 762 822 componatur.
805 781 902 812 Prima
914 783 962 821 (2)
985 784 1036 820 (ad
1058 787 1152 823 ipsum
1175 795 1226 824 par
1247 787 1390 825 quintum,
1414 791 1445 815 nt
1461 787 1584 824 videtur,
1605 798 1651 817 re.

117 856 248 893 ferenda)
271 867 286 885 a
311 867 448 896 supremo
472 862 501 886 et
522 862 648 886 extremo
672 857 814 887 rriednllae
836 858 1012 896 oblongatae
1035 862 1163 897 margine
1185 865 1263 897 nata,
1284 861 1322 890 ad
1344 863 1471 891 exterius
1505 867 1534 891 et
1567 867 1650 892 ante-

118 934 178 961 rius
214 932 356 970 procedit,
387 932 584 972 gangliunque
619 932 722 962 format
757 935 833 963 satis
868 944 1013 972 maguum,
1041 945 1105 964 cum
1128 945 1184 974 qno
1206 939 1321 966 ceterae
1342 947 1457 976 quoque
1479 937 1594 967 radices
1617 948 1651 967 se

117 1008 312 1045 coniungunt;
335 1007 463 1037 secunda
477 1008 525 1045 (3)
548 1008 637 1037 multo
658 1008 793 1038 subtilior
814 1009 915 1048 (quam
938 1009 1054 1049 quidem
1077 1010 1112 1040 ad
1135 1010 1321 1041 Facialem
1344 1014 1487 1051 pertinere
1509 1012 1649 1043 doctissi-

113 1092 177 1112 mus
201 1082 364 1112 Volkmann
386 1085 513 1121 egregiis
535 1084 739 1121 experimentis
762 1085 789 1112 iu
812 1083 895 1114 Rana
918 1087 1064 1115 institutis
1085 1085 1314 1122 demonstravit)
1336 1087 1373 1116 ab
1390 1088 1524 1117 Acustici
1540 1088 1648 1126 radice,

113 1168 147 1187 ex
168 1162 296 1187 extremo
319 1157 462 1187 medullae
485 1158 660 1196 oblongatae
681 1161 810 1196 margine
831 1161 951 1196 oriente,
973 1163 1082 1191 emissa
1104 1161 1141 1191 ad
1163 1164 1291 1191 exterius
1314 1167 1342 1191 et
1357 1163 1489 1192 anterius
1504 1163 1647 1194 ascendit.

112 1232 242 1263 Tertium
265 1233 398 1273 denique,
419 1235 468 1272 qui
491 1235 519 1263 iu
541 1235 680 1272 ganglion
702 1234 860 1273 Trigemini
883 1238 1031 1272 inseritur,
1053 1247 1172 1266 nervum
1195 1247 1264 1276 pars
1286 1237 1435 1277 cephalica
1457 1240 1538 1267 nervi
1567 1248 1646 1277 sym-

112 1307 218 1346 pathici
242 1308 340 1337 format
359 1309 415 1345 (4),
439 1320 513 1348 quae
535 1309 662 1347 quidem,
685 1316 838 1349 postquam
861 1321 911 1350 per
934 1311 1009 1349 Vagi
1031 1312 1157 1341 foramen
1179 1314 1207 1341 in
1229 1315 1384 1342 cavitatem
1407 1315 1497 1342 cranii
1521 1315 1649 1349 intravit,

112 1393 204 1422 parvo
227 1385 255 1412 in
279 1383 368 1412 fundo
390 1386 480 1413 cranii
501 1394 582 1420 arcu,
604 1385 743 1423 ossisque
765 1384 934 1424 sphenoidei
957 1386 1040 1415 basin
1063 1386 1120 1416 lere
1142 1397 1277 1425 premens
1298 1388 1335 1417 ad
1358 1391 1488 1418 anterius
1516 1388 1649 1424 flectitur,

111 1463 140 1488 et
163 1468 218 1488 una
240 1468 304 1487 cum
326 1458 424 1487 radice
445 1457 481 1487 ab
504 1459 646 1487 Aeustice
667 1460 778 1496 origine
799 1461 906 1488 emissa
929 1470 995 1488 cum
1018 1460 1186 1498 Trigemino
1209 1472 1242 1490 se
1265 1464 1424 1500 coniungit.
1448 1481 1483 1486 —
1508 1463 1648 1492 Radicem

111 1544 128 1563 a
150 1533 434 1572 Glossopharyugeo
456 1535 484 1562 in
508 1535 586 1572 paris
609 1535 701 1572 quinti
723 1534 861 1572 ganglion
884 1537 1033 1571 emissam,
1055 1545 1111 1574 qna
1134 1536 1295 1566 secuudum
1318 1536 1480 1567 doctissimi
1502 1538 1582 1576 Vogt
1597 1537 1647 1567 de-

111 1610 298 1647 scriptionem
322 1608 395 1639 Bulo
417 1609 607 1647 panther-inus
628 1613 675 1638 est
697 1611 867 1646 instructus,
890 1610 996 1640 nullam
1020 1612 1116 1640 inveni
1130 1612 1185 1647 (5).

273 1684 389 1713 Nervus
424 1683 693 1720 Abdncensffi),
729 1694 819 1724 prope
851 1685 953 1714 lineam
987 1685 1109 1714 inediam
1142 1685 1284 1715 medullae
1311 1686 1486 1725 oblongatae
1508 1691 1589 1717 ortus
1611 1687 1648 1718 ad

112 1761 240 1789 exterius
273 1764 300 1788 et
336 1761 465 1788 anterius
488 1769 521 1787 se
543 1761 694 1795 convertit,
721 1763 749 1788 et
771 1769 821 1798 per
842 1760 968 1789 foramen
992 1771 1109 1800 parvum
1132 1761 1229 1801 paullo
1251 1762 1307 1792 sub
1330 1761 1488 1800 Trigemini
1513 1762 1648 1792 foramine

110 1837 236 1874 positum
260 1844 294 1863 ex
317 1836 416 1863 cranio
441 1834 563 1865 excedit.
606 1834 682 1871 Filo,
704 1834 739 1864 ab
763 1835 817 1864 lioc
839 1846 927 1865 nervo
950 1838 977 1865 in
999 1837 1136 1875 ganglion
1159 1836 1282 1867 Gasseri
1305 1839 1426 1873 emisso,
1442 1815 1526 1876 qulale
1540 1837 1649 1867 doctis-

112 1912 205 1939 simus
240 1909 320 1946 Vogt
351 1911 379 1938 in
413 1908 524 1938 Bulone
551 1909 720 1948 pantherino
745 1910 909 1950 descripsit,
932 1922 975 1948 ea,
998 1922 1081 1950 quam
1104 1912 1236 1951 equidem
1260 1914 1435 1951 investigavi
1458 1915 1575 1953 species
1599 1923 1645 1943 ca-

108 1997 171 2016 rere
194 1984 316 2016 videtur,
337 2002 376 2006 —

269 2178 309 2207 (l)
329 2175 394 2201 Tab.
416 2175 435 2201 l.
468 2175 525 2209 Fig.
549 2177 616 2203 1.4.

269 2231 308 2262 (2)
330 2229 396 2256 Tala.
418 2229 438 2256 l.
472 2228 530 2263 Frg.
554 2230 574 2261 l,
595 2230 619 2256 5.

269 2284 308 2316 (3)
329 2284 390 2318 fig.
413 2285 435 2313 l,
456 2292 485 2309 α.

270 2339 312 2368 (.ι)
332 2337 391 2371 Fig.
414 2339 436 2369 l,
457 2346 479 2363 s.

271 2392 313 2422 (5)
334 2390 350 2418 l.
371 2391 387 2418 l.
409 2399 444 2425 pg
467 2392 510 2418 52.

271 2444 310 2477 (6)
333 2444 390 2479 Fig.
412 2445 433 2475 l,
455 2445 479 2471 6.
