2149 3261
684 209 763 256 ⁷1

84 342 188 377 parilto
210 348 237 373 et
261 345 362 383 quinto
385 341 514 372 ostendit
535 343 782 379 coniunctionem3
819 351 925 371 nervus
949 340 1051 379 Vagus
1083 339 1203 370 eandem
1238 339 1296 369 fero
1335 341 1363 369 in
1399 339 1504 370 Ranae

82 418 277 457 escucordylo
300 417 428 448 ostendit
449 417 568 447 sormam
585 417 649 455 (l),
685 427 768 457 quam
792 419 819 447 iu
843 416 963 446 Tritone
995 416 1118 445 cristato
1135 415 1197 452 (2),
1231 425 1340 445 ramum
1364 416 1495 445 nimirum

80 490 310 529 :aterminendm
345 495 427 523 cuius
460 492 577 523 (ormam
611 496 695 522 antea
727 494 782 522 iam
815 490 946 531 pluribus
979 467 1197 528 descripsimus.
1242 488 1391 520 Exhibent
1412 491 1498 528 igitur

79 569 236 599 ιιεινιτειῐεε
260 571 288 598 in
311 568 438 607 cordylis
460 569 565 607 prioris
587 567 711 597 familiae
732 565 851 596 eandem
876 566 992 595 omnino
1017 565 1156 604 speciem,
1187 573 1272 603 quam
1293 566 1321 594 iu
1344 564 1498 595 Salaman-

76 640 201 681 driunis,
223 647 261 673 ita
285 634 321 673 ut
337 643 487 673 Tritonem
510 641 786 680 Salamandramque
808 643 836 670 in
859 650 894 670 eo
916 641 1000 680 quasi
1031 648 1184 669 nervorum
1212 638 1392 669 formationis
1413 638 1504 677 gradu

76 719 264 759 stetiqmreat,
287 729 370 758 quem
394 720 422 748 in
445 720 536 757 primo
556 721 666 748 tautum
688 718 765 746 vitae
787 714 884 745 stadio
905 714 1065 746 ostendunt
1086 712 1247 745 Ecnudata.

155 796 181 824 ic
203 795 290 832 igitur
311 795 455 823 anatomia
477 795 652 832 comparata,
685 801 758 830 quae
779 792 900 830 primum
927 790 1080 829 zoologiae
1102 798 1264 829 repugnare
1284 787 1446 826 videbatur,
1467 788 1504 819 ad

69 867 176 899 eundos
200 868 327 905 tandem,
349 878 406 907 quo
428 867 501 897 haec
523 866 676 906 disciplina
698 865 750 896 fert
773 865 866 896 finem.
909 866 947 896 Et
969 865 1109 906 prolecto,
1139 865 1188 904 qui
1209 864 1293 894 aliter
1315 866 1408 903 potnit
1428 863 1506 893 fieri?

65 940 231 984 Omnitique
253 943 470 982 disciplinarum
503 942 578 971 idem
611 942 731 971 ultimus
763 941 828 971 finis
861 945 908 971 est
930 951 1069 978 verum,
1107 943 1137 970 et
1157 948 1365 979 quamcumque
1386 938 1506 976 elegerit

62 1015 259 1049 ducenmmum
282 1019 336 1049 hoc
379 1017 566 1057 divinumque
586 1015 747 1047 studiorum
770 1017 892 1056 pretium
917 1015 1080 1056 impetrabit
1104 1015 1245 1052 mortalis,
1276 1017 1308 1044 ut
1329 1013 1426 1054 aliqua
1447 1013 1505 1044 sal-

58 1095 114 1121 tem
147 1100 209 1124 orte
238 1094 381 1134 dissipare
403 1094 498 1133 possit
521 1091 630 1123 densas
661 1094 735 1123 istas
758 1091 915 1131 caligines,
949 1090 1056 1131 quibus
1078 1091 1213 1122 humanis
1236 1088 1331 1120 oculis
1351 1098 1400 1120 res
1421 1092 1505 1120 natu-

57 1167 133 1198 rales
154 1170 204 1200 ilto
228 1169 312 1200 Deus
335 1168 500 1199 occultavit.
522 1186 560 1190 —-

161 1352 171 1382 )
191 1349 257 1378 rab.
272 1349 302 1381 ιι,
322 1349 382 1384 Fig.
399 1349 455 1382 nn,
476 1350 517 1376 ιο.

155 1405 173 1435 ε)
193 1402 260 1431 Tab.
281 1402 313 1435 ιι,
333 1401 392 1437 Fig.
413 1401 459 1434 ιιι,
481 1401 523 1429 ιο,

576 1572 901 1622 *masam-
