2149 3261
804 287 886 332 51

80 426 165 454 unus,
197 418 235 454 (r.
267 418 417 455 mentalis)
449 420 477 448 in
509 419 621 448 interno
655 418 788 448 maxillae
821 418 967 449 inferioris
988 419 1080 449 latere
1101 428 1195 458 usque
1215 418 1253 449 ad
1274 419 1409 458 angulum
1432 421 1519 449 menti
1541 430 1608 459 pro-

78 490 165 529 cedit,
199 491 298 531 ibique
331 494 360 522 in
393 492 558 523 membrana
592 495 705 523 interna
741 495 800 524 oris
835 492 907 523 finiri
942 492 1065 524 videtur.
1106 493 1212 523 Nonne
1246 495 1322 524 satis
1344 496 1529 534 perspicuum
1551 499 1608 531 est,

77 566 189 596 huncce
221 566 435 598 Ecaudatorum
467 577 576 597 ramum
608 568 760 598 mentalem
791 566 914 598 eundem
945 576 1024 603 esse,
1051 577 1135 606 quem
1157 567 1237 597 illum
1259 568 1432 598 alveolarem
1455 569 1608 599 Salaman-

77 639 146 671 drae
177 647 207 672 et
236 641 388 672 Tritonis?
423 641 520 673 Habet
550 643 654 673 saltem
686 646 809 682 uterque
839 640 962 671 eundem
984 640 1150 678 decursum,
1170 641 1324 682 solumque
1345 642 1500 672 discrimen
1522 644 1550 673 in
1572 654 1607 673 eo

79 717 207 754 positum
239 725 308 746 esse
338 715 467 753 videtur,
501 716 577 756 quod
609 719 638 747 in
669 716 764 746 canati
795 716 936 746 maxillari
967 726 1064 746 ramus
1085 716 1243 746 alveolaris
1269 721 1315 747 est
1336 716 1486 754 inclusus,
1521 727 1608 757 quum

77 789 199 820 Bufonis
220 801 319 821 ramus
340 791 475 821 mentalis
497 792 570 822 liber
590 791 742 830 procedat,
777 794 808 821 et
839 789 919 831 quod
949 791 999 821 ille
1020 791 1234 829 Ecaudatorum
1259 801 1358 821 ramus
1379 801 1396 821 a
1419 802 1506 822 nervo
1529 794 1609 831 iugu-

76 864 130 895 lari
164 864 279 895 demum
315 867 470 904 emittitur,
503 875 590 905 quum
625 867 654 895 in
690 865 922 896 Satamandrinis
956 865 1032 897 idem
1067 876 1102 896 ex
1135 867 1202 904 ipso
1235 869 1314 906 paris
1348 868 1464 906 septimi
1492 867 1610 906 ganglio

75 941 184 970 oriatur
198 940 254 978 (l).
277 960 312 965 —

233 1015 346 1046 Ramos
389 1017 476 1054 igitur
522 1019 582 1045 tres
620 1014 706 1045 modo
741 1017 918 1053 nominatos,
953 1018 1002 1056 qui
1037 1015 1115 1056 apud
1149 1015 1302 1053 Bulonem,
1337 1016 1461 1054 Ranam,
1495 1016 1610 1056 Hylam,

74 1087 189 1129 Pipam,
222 1089 390 1120 Pelobatem
422 1094 452 1120 et
482 1089 719 1120 Bombinatorem
751 1101 768 1121 ο
798 1100 868 1130 pare
899 1092 1001 1130 quinto
1029 1093 1199 1129 nascuntur,
1225 1101 1256 1121 re
1279 1101 1345 1121 vera
1367 1091 1403 1121 ad
1425 1091 1551 1121 radicem
1572 1091 1610 1121 ab

74 1165 208 1195 Aen-stici
240 1167 350 1203 origine
381 1166 410 1194 in
431 1165 511 1195 illius
533 1167 612 1195 nervi
634 1167 773 1205 ganglion
795 1167 943 1204 emissam,
964 1168 983 1197 i.
1004 1177 1029 1198 e.
1051 1166 1089 1196 ad
1109 1165 1259 1196 Facialem
1280 1168 1434 1206 pertinere,
1455 1176 1609 1205 argumen-

73 1240 123 1276 tis,
144 1243 176 1269 ut
196 1242 354 1279 opinamur,
375 1242 451 1270 satis
473 1240 562 1270 firmis
584 1245 630 1271 est
652 1240 893 1272 demonstratum.

233 1314 338 1354 Neque
369 1319 464 1345 tamen
497 1316 553 1345 hoc
585 1315 671 1346 modo
702 1317 759 1345 iam
793 1317 888 1345 omnia
909 1319 979 1346 sunt
1000 1316 1086 1356 plana
1108 1319 1195 1355 atque
1218 1314 1363 1355 expedita,
1385 1325 1472 1360 quum
1495 1319 1609 1355 praeter

73 1392 133 1418 tres
163 1388 244 1424 illos,
274 1388 311 1418 de
342 1389 448 1428 quibus
469 1390 622 1429 hucusque
643 1390 736 1420 locuti
757 1400 870 1428 sumus,
892 1399 1001 1427 ramos,
1022 1390 1109 1420 aliam
1132 1394 1282 1430 praeterea
1305 1391 1384 1430 paris
1404 1392 1520 1430 septimi
1543 1400 1609 1430 par-

73 1466 131 1493 tem
163 1464 312 1493 contineat
343 1462 558 1492 Ecaudatorum
591 1463 789 1502 Trigemiuus.
830 1464 905 1493 Nam
937 1466 965 1493 in
998 1464 1190 1495 Salamandra
1213 1469 1242 1494 et
1263 1464 1396 1502 Tritone,
1417 1465 1519 1494 ubire
1541 1475 1608 1494 vera

74 1548 90 1568 a
111 1537 222 1568 Faeiali
257 1537 298 1567 illi
334 1538 502 1567 emittuntur
535 1539 618 1575 rami,
653 1538 841 1568 nihilominus
875 1548 927 1578 par
961 1540 1116 1579 septimum
1153 1549 1270 1578 parvam
1297 1538 1335 1569 ad
1358 1539 1516 1577 Trigemini
1538 1549 1609 1577 gan-

74 1613 155 1651 glion
186 1614 274 1642 mittit
304 1612 430 1642 radicem
443 1612 492 1650 (2)
513 1613 605 1642 multo
626 1614 787 1644 tenuiorem
808 1622 872 1643 eam
894 1612 1022 1652 quidem,
1044 1623 1129 1652 quam
1150 1614 1179 1642 in
1200 1613 1373 1650 Ecaudatis,
1394 1613 1479 1644 facile
1499 1617 1607 1651 tamen,

73 1692 102 1717 et
136 1688 277 1727 imprimis
311 1688 339 1716 in
376 1686 508 1724 Tritone,
543 1686 787 1725 cognoscendam.
829 1686 915 1717 Unde
949 1688 1046 1725 igitur,
1081 1687 1195 1716 cuinam
1230 1696 1311 1717 ramo
1346 1697 1382 1717 ex
1416 1689 1495 1726 paris
1516 1690 1608 1726 quinti

72 1763 191 1801 ganglia
226 1764 335 1791 emisso
368 1761 443 1791 baec
476 1760 558 1791 radix
592 1761 780 1801 respondeat,
816 1763 906 1791 oritur
939 1762 1086 1801 quaestio:
1122 1760 1208 1792 valde
1237 1761 1362 1792 obscura
1384 1771 1418 1791 ea
1440 1762 1556 1801 quidem
1579 1769 1608 1794 et

74 1837 239 1867 difficillima
274 1835 445 1873 diiudicatu,
479 1838 537 1866 nisi
571 1837 708 1867 auxilium
742 1841 843 1876 petere
877 1846 1034 1877 possemus
1061 1846 1077 1866 a
1101 1836 1226 1866 decursu
1248 1837 1344 1876 ipsius
1365 1839 1394 1866 in
1417 1814 1540 1867 Tritone
1562 1848 1609 1868 ac-

73 1913 203 1943 curatius
235 1912 422 1949 investigato.
464 1910 573 1941 Cranio
605 1913 680 1941 enim
713 1911 800 1941 huius
829 1913 947 1950 generis
968 1921 985 1941 a
1007 1915 1091 1949 tergo
1113 1915 1226 1950 aperto,
1247 1911 1426 1951 ganglioque
1449 1911 1609 1950 Trigemini

74 1992 160 2019 caute
195 1986 349 2023 distracto,
389 1985 517 2016 radicem
551 1986 630 2016 illam
665 1996 716 2025 per
749 1986 889 2024 ganglion
910 1987 1058 2025 persequi,
1079 1988 1107 2015 in
1131 1996 1254 2026 eumque
1275 1988 1400 2016 transire
1422 1986 1520 2016 videre
1541 1987 1609 2017 licet

72 2073 192 2099 ramum,
225 2064 273 2102 qui
303 2071 392 2101 supra
427 2060 543 2090 oculum
578 2063 721 2091 introrsus
756 2064 971 2100 antrorsusque
1003 2059 1188 2099 progreditur
1222 2059 1272 2098 (cf.
1293 2070 1382 2101 supra
1414 2071 1462 2100 pg.
1484 2062 1546 2099 33.)
1579 2064 1606 2091 in

232 2226 272 2257 (l)
292 2224 379 2250 Etiam
399 2224 424 2250 in
444 2231 542 2258 genere
562 2222 628 2259 Pipa
646 2231 746 2250 ramum
764 2223 843 2256 illum,
869 2231 947 2258 quem
970 2223 1111 2250 mentalem
1136 2223 1338 2255 nominavimus,
1367 2231 1402 2250 ex
1421 2224 1481 2258 ipso
1500 2225 1608 2259 ganglio

74 2280 145 2309 oriri.
165 2286 246 2313 supra
265 2281 309 2304 est
328 2277 436 2305 dictum.
457 2284 502 2312 pg.
523 2277 565 2303 17.
601 2290 635 2296 —·
672 2277 730 2304 Res
747 2277 829 2304 multo
845 2276 1006 2312 singularior
1024 2280 1117 2303 contra
1137 2275 1203 2303 haee
1221 2276 1300 2304 nobis
1316 2277 1423 2304 videtur
1442 2285 1516 2309 esse,
1536 2278 1607 2313 quod

75 2340 176 2367 genera
195 2331 368 2358 salamandra
389 2334 415 2356 et
436 2329 531 2356 Triton
558 2329 692 2357 duobus
722 2331 824 2358 ramis
851 2329 1085 2357 alveolaribus
1113 2333 1175 2357 sunt
1193 2330 1322 2366 praedita,
1347 2329 1434 2358 altero
1462 2338 1496 2357 ex
1517 2329 1607 2366 Trige-

76 2387 155 2417 mino,
175 2384 261 2411 altero
280 2392 314 2410 ex
334 2382 433 2410 Faciali
452 2384 567 2411 oriente.

233 2437 272 2469 (ι’)
292 2436 359 2464 ται..
379 2436 412 2463 n.
442 2435 502 2471 Fig.
522 2434 564 2468 ιι,
583 2444 611 2464 α.
1358 2478 1397 2505 7·
