2149 3261
815 282 901 328 33

95 415 150 446 cile
171 419 315 453 cernatur,
337 425 422 453 quum
445 424 534 454 penes
558 414 776 446 Salamandram
809 425 921 446 summa
948 419 1056 446 tantum
1081 426 1160 452 cura,
1187 417 1374 457 craniumque
1395 426 1411 447 a
1433 420 1515 454 tergo
1536 417 1628 454 aperi-

98 502 150 521 cns
173 501 234 520 eam
259 490 357 520 ridere
380 493 488 528 possis,

252 565 385 602 Parium,
420 575 495 605 quae
528 567 729 605 insequuntur,
752 567 843 602 sexti,
878 565 993 604 septimi
1025 568 1055 594 et
1087 564 1189 594 decimi
1220 566 1349 603 origines
1371 565 1491 596 eandem
1513 567 1629 596 omnino

94 641 234 680 praebent
255 643 398 681 speciem,
435 650 520 680 quam
543 641 616 677 illic,
652 643 691 671 ita
722 645 752 669 nt
783 640 887 678 paucis
919 638 1002 669 hisce
1033 641 1222 678 praemonitis
1250 641 1405 669 nunciam
1427 640 1463 670 ad
1486 650 1519 670 ea
1543 651 1630 680 expo-

97 716 191 746 nenda
214 718 339 747 transire
361 718 521 755 possimus,
557 715 670 755 quibus,
707 716 800 754 ipsius
822 724 974 744 nervorum
997 713 1139 745 decursus
1160 716 1274 745 ratione
1301 714 1409 752 habita,
1443 714 1593 745 Tritonem
1614 726 1630 744 a

95 791 286 822 Salmnandra
309 790 423 821 differre
445 790 586 821 videmus.

806 864 831 902 ἕ.
874 865 919 896 12.

250 941 377 972 Primum
400 942 499 972 horum
522 950 659 979 generum
682 939 837 970 discrimen
866 942 894 970 in
918 950 1007 970 nervo
1031 940 1245 978 Trigemino
1267 941 1393 980 positum
1416 950 1486 970 esse
1507 940 1632 977 videtur,

92 1027 180 1057 quum
204 1017 446 1047 Oculomotorius
479 1020 509 1046 et
530 1015 703 1046 patheticus
737 1015 856 1045 easdem
892 1017 920 1045 in
955 1016 1098 1046 ambobus
1134 1015 1289 1046 exhibeant
1323 1015 1440 1048 formas.
1483 1016 1631 1054 Ganglion

91 1094 171 1132 paris
194 1094 285 1132 quinti
308 1097 403 1123 autem
441 1096 501 1121 tres
536 1093 564 1120 in
588 1091 711 1121 Tritone
733 1093 869 1121 emittens
905 1101 1001 1121 ramos
1024 1091 1202 1129 aliquantum
1225 1090 1319 1121 differt
1339 1091 1377 1120 ab
1399 1101 1448 1128 ea,
1483 1102 1567 1130 quam
1603 1093 1631 1120 in

91 1167 285 1198 Salamaudra
309 1169 470 1197 invenimus
493 1169 619 1204 ratione,
654 1166 702 1196 ubi
740 1166 814 1196 duos
847 1170 958 1196 tantum
992 1176 1026 1196 ex
1059 1177 1094 1196 eo
1128 1168 1193 1196 oriri
1216 1166 1342 1196 vidimus
1365 1176 1488 1203 nervos,
1523 1176 1632 1196 ramum

93 1243 222 1273 nasalem
246 1248 275 1272 et
295 1253 404 1272 ramum
428 1243 615 1275 maxillarem,
658 1241 715 1279 Qui
748 1241 805 1271 duo
828 1243 897 1271 rami
927 1243 1014 1271 etiam
1036 1243 1064 1271 in
1089 1241 1212 1271 Tritone
1233 1243 1431 1282 reperiuntur,
1465 1246 1494 1272 et
1517 1241 1632 1281 quidem

90 1317 211 1348 eandem
233 1317 423 1347 ostendentes
445 1319 590 1356 speciem,
628 1327 712 1356 quam
747 1317 823 1354 illic,
858 1316 910 1346 sed
944 1321 1093 1356 praeterea
1123 1319 1237 1346 tertium
1260 1318 1439 1353 invenimus,
1475 1315 1580 1346 trustra
1603 1318 1631 1346 in

91 1392 285 1422 Salamandra
309 1402 324 1421 a
348 1392 434 1421 nobis
457 1393 632 1431 quaesitum.
675 1390 805 1421 Eandem
829 1394 855 1421 is
877 1393 971 1428 initio,
1004 1401 1088 1430 quam
1117 1401 1215 1421 ramus
1237 1392 1395 1422 maxillaris
1416 1393 1548 1431 superior
1569 1402 1632 1431 per-

90 1477 219 1507 sequens
241 1468 327 1504 νῑειιι),
359 1468 434 1495 inter
456 1466 607 1495 musculos
630 1467 849 1495 massetericum
874 1470 902 1494 et
925 1467 1112 1504 temporalem
1135 1466 1171 1495 ad
1195 1471 1382 1505 conspectum
1407 1468 1495 1502 veuit,
1527 1466 1632 1496 deinde

92 1543 129 1573 ad
151 1544 274 1572 interius
297 1552 330 1572 se
352 1542 489 1578 flectens,
526 1540 640 1571 oculum
663 1540 862 1570 transscendit
894 1545 921 1569 et
944 1541 972 1569 in
995 1542 1110 1570 interno
1134 1543 1285 1580 superiore
1308 1540 1419 1570 orbitae
1441 1546 1522 1580 parte
1543 1551 1634 1580 prope

93 1629 127 1649 os
150 1617 272 1648 frontale
294 1616 474 1656 procedens,
511 1626 577 1646 mox
600 1618 627 1645 in
650 1615 779 1645 canalem
803 1625 938 1652 osseum,
974 1617 1002 1644 in
1026 1620 1143 1645 externa
1175 1615 1262 1645 huius
1295 1618 1375 1645 ossis
1403 1620 1485 1654 parte
1507 1619 1632 1656 positum

90 1696 190 1725 intrat.
233 1693 328 1731 Quem
352 1692 467 1732 quidem
491 1691 620 1721 canalem
646 1701 697 1730 per
720 1701 790 1720 ossa
814 1691 926 1721 nasalia
948 1691 984 1721 ad
1000 1692 1111 1730 apicem
1136 1692 1200 1720 nasi
1223 1689 1390 1720 tendentem
1412 1701 1510 1721 ramus
1533 1697 1634 1721 noster

93 1780 151 1800 non
174 1768 305 1806 excedit,
340 1767 394 1798 sed
426 1777 542 1807 semper
563 1768 726 1796 anteriores
758 1771 862 1806 petens
895 1768 923 1796 in
956 1766 1098 1796 musculis
1131 1768 1240 1795 narium
1269 1765 1384 1795 tandem
1406 1765 1511 1797 linitur.
1553 1767 1633 1805 Quid

93 1850 190 1875 autem
213 1846 254 1874 sit
274 1844 320 1873 hic
341 1853 451 1879 ramus,
473 1847 501 1872 et
523 1846 615 1871 utrum
639 1852 706 1871 vere
729 1841 765 1871 ad
789 1842 987 1880 'trigeminum
1011 1844 1155 1881 pertineat
1176 1852 1230 1870 nec
1253 1851 1298 1877 ne,
1320 1840 1390 1870 infra
1414 1846 1583 1880 exponetur.

252 1918 340 1950 Aliud
376 1920 403 1948 iu
437 1917 606 1956 Trigemino
642 1916 774 1947 Tritonis
811 1917 968 1947 discrimen
1001 1919 1144 1956 reperitur
1175 1916 1294 1945 nullum.
1338 1915 1441 1956 Neque
1463 1919 1548 1946 etiam
1571 1927 1635 1956 par

99 2000 238 2026 sextum
262 1993 348 2024 valde
370 2004 386 2023 a
409 1992 619 2023 salamandrae
642 1992 729 2022 [orma
751 1992 877 2029 recedit,
900 2003 985 2032 quum
1009 1997 1037 2021 et
1059 1992 1113 2029 ihi,
1135 1993 1243 2032 pariter
1269 1996 1356 2031 atque
1388 1992 1448 2022 illic
1469 1994 1633 2022 seiunctum

91 2074 131 2102 sit
151 2081 168 2101 a
191 2081 260 2110 pare
283 2072 383 2110 quinto
407 2074 434 2099 et
457 2080 507 2109 per
540 2069 666 2099 foramen
703 2068 759 2098 sibi
782 2070 929 2108 proprium
961 2079 977 2097 e
999 2069 1098 2097 eranio
1126 2077 1268 2106 egressus
1289 2069 1318 2097 in
1342 2068 1485 2097 musculis
1507 2078 1633 2108 suspen-

93 2149 170 2177 sorio
194 2151 223 2176 et
243 2151 323 2176 recto
346 2150 463 2175 externo
486 2145 672 2184 expandatur.

255 2221 367 2251 Eadem
396 2220 454 2250 iere
487 2220 522 2250 de
545 2231 635 2250 nervo
658 2219 806 2249 Faciali
830 2218 886 2248 dici
920 2222 1059 2258 possunt,
1082 2220 1137 2248 nisi
1171 2218 1198 2248 id
1232 2218 1326 2248 lorsan
1351 2217 1505 2248 discrimen
1529 2228 1635 2248 vocare

94 2300 181 2335 vetis,
202 2297 280 2337 quod
303 2306 402 2326 ramus
427 2296 569 2334 iugularis
593 2301 747 2335 postquam
771 2305 834 2325 cum
857 2305 937 2324 ramo
961 2296 1189 2324 communicante
1210 2293 1286 2332 Vagi
1309 2304 1342 2323 se
1364 2295 1511 2324 coniunxit
1534 2297 1631 2324 statim

96 2377 122 2403 in
147 2381 206 2402 tres
229 2372 367 2402 dividitur
390 2383 511 2407 nervos,
549 2373 594 2410 qui
619 2381 736 2408 omnes,
772 2370 930 2410 paullulum
954 2372 1030 2400 inter
1050 2380 1083 2400 se
1105 2369 1249 2400 distantes
1272 2379 1361 2409 parvo
1384 2379 1452 2399 arcu
1475 2371 1549 2399 circa
1572 2380 1633 2399 mu-

1404 2419 1420 2445 5
