2149 3261
1207 277 1292 322 28

649 414 761 443 Ramus
793 411 950 441 maxillaris
982 409 1098 439 inferior
1129 409 1320 445 singularem,
1352 407 1466 446 solique
1493 407 1559 436 huic
1580 406 1704 435 familiae
1726 407 1867 444 propriam
1891 405 2019 435 ostendit

491 491 620 525 formam,
644 497 729 527 quam
759 488 786 515 in
811 485 890 514 nullo
913 489 1062 524 praeterea
1083 483 1242 522 Reptilium
1266 481 1406 511 nudorum
1427 491 1533 519 genere
1557 481 1700 518 (Caecilia
1723 481 1859 510 annulata
1882 481 2017 519 excepta)

494 565 664 593 invenimus.
707 561 877 590 Extrorsum
911 562 985 589 enim
1018 561 1044 589 is
1076 558 1175 594 flexus,
1197 560 1260 596 ipse
1293 567 1407 596 quoque
1439 558 1656 586 massetericum
1691 555 1822 595 perforat,
1845 554 1957 591 deinde,
1979 554 2022 584 di-

494 641 623 668 rectione
646 641 753 667 mntata
777 635 814 665 ad
836 635 954 665 interius
977 644 1010 663 se
1033 636 1187 670 convertit,
1209 633 1406 670 ramnlumque
1430 641 1546 670 parvum
1570 631 1604 660 ad
1628 632 1775 669 posterius
1798 632 1893 665 mittit,
1916 634 2022 666 cutem,

498 723 573 753 quae
596 712 772 741 maxillarum
797 712 870 748 tegit
890 710 1038 748 angulum,
1061 710 1158 738 nervis
1180 709 1385 738 instruentem.
1423 706 1495 735 Mox
1517 706 1586 735 inira
1610 715 1780 745 processum
1803 704 2021 744 postorbitalem

497 791 580 818 ossis
612 786 745 826 quadrati
777 784 962 815 descendens
995 794 1044 822 per
1076 783 1203 813 foramen
1229 784 1256 812 in
1279 786 1360 822 parte
1382 780 1558 811 coronoidea
1581 781 1713 810 maxillae
1735 780 1877 809 inferioris
1900 781 2023 818 positum

497 865 526 892 in
553 865 646 902 ipsam
675 863 772 898 intrat,
802 870 981 900 prorsusque
1003 859 1088 889 aliam
1112 870 1187 888 :lunc
1209 857 1327 897 praebet
1349 859 1488 896 speciem,
1510 866 1594 895 qnam
1618 865 1691 894 quae
1713 857 1740 884 in
1765 855 1882 891 Rusone,
1906 856 2026 883 ceteris-

500 949 556 978 que
588 936 750 968 Ecaudatis
783 937 938 967 invenitur.
980 933 1012 964 ln
1043 936 1109 973 ipso
1132 936 1205 963 enim
1228 933 1363 962 maxillae
1384 942 1452 961 osse
1473 931 1605 961 inclusus
1628 932 1655 960 in
1679 929 1752 960 duos
1774 929 1909 959 dividitur
1930 939 2027 959 ramos

501 1022 612 1051 aequae
645 1012 703 1041 fere
735 1010 944 1049 amplitudinis,
973 1020 1094 1049 quorum
1117 1009 1189 1038 alter
1212 1008 1322 1044 (ramus
1344 1007 1558 1045 alveolaris(l)
1581 1006 1753 1044 Trigemini)
1776 1008 1803 1035 in
1826 1006 1918 1035 canali
1941 1014 2029 1035 osseo

503 1087 634 1116 maxillae
666 1085 806 1116 inferioris
841 1095 933 1122 nsque
964 1083 999 1113 ad
1023 1085 1133 1123 apicem
1156 1085 1243 1112 menti
1267 1082 1453 1122 progrediens
1476 1092 1538 1111 cum
1563 1092 1642 1112 ramo
1664 1081 1800 1110 alveolari
1825 1082 1902 1109 nervi
1927 1080 2030 1109 Facia-

503 1162 539 1191 lis
561 1161 633 1190 infra
657 1159 850 1190 describendo
874 1169 944 1188 sese
966 1161 1126 1196 coniungit.
1169 1158 1234 1187 Cuti
1258 1157 1400 1187 maxillam
1423 1159 1531 1195 tegenti
1553 1156 1718 1197 suppeditat
1741 1166 1856 1191 nervos»,
1890 1166 1943 1184 nec
1976 1165 2031 1184 nou

505 1237 716 1266 subtilissimos
749 1234 892 1274 quosdam
927 1234 1054 1263 ramulos
1087 1235 1114 1263 in
1150 1232 1310 1262 musculum
1334 1231 1566 1271 mylohyoideum
1591 1234 1702 1262 emittit.
1725 1249 1762 1253 —
1785 1231 1868 1260 Alter
1890 1229 2032 1258 maxillam

505 1312 665 1341 inferiorem
699 1310 833 1349 perforat,
866 1314 894 1338 et
926 1311 953 1337 in
990 1311 1102 1338 interno
1135 1318 1211 1337 nunc
1244 1310 1337 1347 ipsius
1371 1309 1460 1336 latere
1482 1312 1642 1336 antrorsum
1666 1305 1827 1344 procedens
1850 1308 1876 1333 in
1899 1303 2032 1333 musculo

507 1385 708 1425 mylohyoideo
730 1384 910 1424 expanditur.

667 1459 744 1495 Duo,
780 1468 853 1497 quos
887 1457 972 1486 modo
1004 1457 1215 1495 descripsimus
1247 1458 1317 1485 rami
1341 1455 1467 1492 (nasalis
1490 1460 1517 1483 et
1540 1455 1709 1491 maxillaris)
1733 1464 1834 1483 omnes
1856 1458 1924 1482 sunt
1947 1455 2037 1489 nervi,

510 1537 558 1574 qui
581 1545 614 1563 ex
635 1533 753 1572 ganglio
776 1533 934 1570 Trigemini
958 1530 1132 1570 prodeuntes
1154 1533 1182 1560 in
1206 1530 1395 1559 Salamantlra
1418 1534 1582 1566 cernuntur,
1604 1534 1633 1558 et
1654 1530 1757 1558 trustra
1783 1529 1890 1568 aliquis
1908 1530 2040 1564 rationis,

512 1619 588 1648 quae
623 1607 744 1637 Bufonis
777 1611 823 1635 est
851 1608 977 1645 propria,
1004 1616 1121 1641 memor,
1144 1616 1251 1634 rantum
1275 1606 1431 1643 iugularem
1455 1606 1532 1634 illum
1556 1609 1585 1633 et
1605 1615 1713 1633 ramum
1736 1605 1891 1642 palatinum
1915 1614 1948 1632 ex
1971 1613 2042 1641 gon-

673 1795 712 1825 (Ι)
734 1793 787 1819 Viri
816 1793 986 1819 illustrissimi
1016 1793 1135 1819 Rusconi
1162 1798 1187 1819 et
1207 1793 1283 1820 Funk
1303 1795 1326 1819 in
1347 1794 1419 1820 libris
1440 1795 1496 1819 suis
1517 1793 1549 1819 de
1571 1793 1708 1819 Tritonum
1730 1793 1973 1827 Salamandraeque
1994 1792 2044 1818 for-

515 1849 630 1874 matione
660 1848 831 1881 conscriptis,
866 1855 953 1872 veram
979 1855 1055 1880 quam
1076 1848 1100 1873 in
1119 1847 1192 1872 hisce
1214 1847 1356 1880 generibus
1378 1847 1479 1872 maxilla
1500 1847 1608 1872 inferior
1627 1846 1753 1877 ostendit,
1773 1846 1881 1872 sormam
1902 1848 1985 1872 minue
2005 1854 2045 1872 ac-

520 1905 612 1926 curate
633 1900 844 1934 descripserunt,
876 1908 952 1933 quarn
982 1901 1059 1925 etiam
1088 1909 1103 1926 a
1124 1903 1231 1931 veteris,
1253 1901 1296 1934 qui
1316 1900 1349 1925 de
1369 1899 1572 1926 Batracbiorum
1590 1899 1741 1933 osteologia
1762 1899 1955 1929 disseruerunt,
1974 1902 2047 1925 auto-

517 1954 589 1980 ribus
610 1958 645 1983 (ο.
667 1961 692 1987 g.
714 1953 835 1979 Mertens
856 1953 1017 1987 Osteologia
1039 1952 1241 1978 Batrmvliiorum
1262 1952 1352 1980 Berol.
1377 1952 1453 1983 1⁸20)
1474 1953 1577 1979 silentio
1598 1956 1703 1986 praeter
1717 1954 1823 1978 missam
1839 1960 1903 1978 esse
1917 1954 2046 1980 miramur.

518 2007 568 2033 Est
596 2011 682 2033 autem
712 2005 814 2032 maxilla
846 2006 951 2031 interior
980 2005 1161 2040 compluribus
1188 2007 1288 2031 laminis
1309 2008 1398 2031 osseis
1420 2004 1543 2039 oblongis
1563 2007 1721 2040 composita,
1743 2006 1809 2031 inter
1827 2013 1858 2030 se
1878 2008 1999 2031 connatis
2020 2010 2047 2031 et

519 2060 634 2086 canalem
667 2058 873 2089 includentibus,
902 2067 979 2092 quem
1009 2059 1169 2085 alveolarem
1199 2059 1334 2084 nominare
1364 2067 1473 2092 posses,
1502 2060 1524 2084 si
1553 2060 1656 2084 omnino
1687 2058 1758 2083 veris
1786 2057 1898 2084 alveolis
1924 2061 1948 2084 in
1974 2058 2047 2084 bisce

519 2113 667 2148 Amphibiis
698 2112 791 2138 dentes
822 2115 915 2137 essent
935 2112 1034 2138 inserti.
1071 2112 1113 2138 Ad
1146 2120 1222 2146 quem
1243 2111 1358 2137 canalem
1380 2113 1423 2145 qui
1443 2120 1457 2137 a
1477 2119 1609 2146 processu
1630 2111 1792 2137 coronoideo
1812 2112 1939 2146 incipiens
1960 2119 2046 2146 usque

520 2167 551 2191 atl
582 2167 683 2200 apicem
714 2166 769 2190 fere
798 2166 877 2190 menti
901 2166 983 2190 tendit
1004 2165 1091 2191 aditus
1112 2174 1158 2200 per
1178 2166 1230 2190 ‹luo
1251 2169 1324 2199 patet
1345 2166 1478 2194 tormina,
1499 2164 1608 2190 alterum
1630 2165 1653 2190 in
1673 2166 1818 2199 superiore,
1839 2164 1948 2190 alterum
1971 2166 1995 2190 in
2015 2166 2050 2190 iu-

522 2224 597 2245 terno
628 2218 747 2244 maxillae
776 2218 859 2244 latere
890 2220 1013 2252 positum.
1055 2218 1105 2244 l'er
1134 2217 1193 2244 illud
1214 2225 1302 2243 ramus
1322 2221 1415 2242 noster
1435 2218 1576 2243 alveolaris
1597 2217 1747 2251 Trigemini,
1768 2226 1816 2252 per
1837 2217 1887 2243 hoc
1908 2226 1995 2243 ramus
2015 2218 2049 2244 al-

523 2271 637 2297 veolaris
666 2272 737 2305 paris
766 2273 870 2305 septimi
900 2271 945 2302 (de
977 2280 1030 2305 qno
1051 2271 1128 2302 infra)
1149 2272 1172 2296 in
1192 2271 1260 2296 illum
1281 2270 1396 2295 canalem
1418 2271 1502 2296 intrat.
1542 2270 1667 2296 Ceterum
1689 2279 1782 2296 numen
1803 2273 1875 2296 nervi
1895 2271 2047 2301 alveuhnrts,

524 2332 680 2358 quamquam
709 2333 767 2350 cum
797 2329 890 2350 natura
921 2324 1012 2350 horum
1042 2324 1182 2359 Reptilium
1212 2324 1294 2348 minus
1315 2331 1465 2356 congruens
1486 2325 1596 2358 (quippe
1622 2333 1690 2358 quae
1712 2326 1782 2350 veria
1803 2324 1918 2350 dentium
1939 2324 2050 2350 alveolis

525 2380 644 2408 careant)
663 2377 829 2403 nihilominus
855 2376 889 2402 ob
919 2385 1036 2411 magnam
1057 2376 1134 2403 huius
1154 2377 1216 2402 rami
1241 2384 1298 2401 cum
1320 2377 1485 2410 superiorum
1506 2377 1651 2403 animalium
1673 2386 1744 2403 ramo
1764 2378 1889 2404 alveolari
1909 2378 2051 2404 similitudi-

526 2439 581 2456 nem
602 2430 764 2456 retinendum
785 2431 943 2464 putavimus.
