<?xml version="1.0" encoding="UTF-8"?>
<!DOCTYPE html PUBLIC "-//W3C//DTD XHTML 1.0 Transitional//EN"
    "http://www.w3.org/TR/xhtml1/DTD/xhtml1-transitional.dtd">
<html xmlns="http://www.w3.org/1999/xhtml" xml:lang="en" lang="en">
 <head>
  <title>
</title>
<meta http-equiv="Content-Type" content="text/html;charset=utf-8" />
  <meta name='ocr-system' content='tesseract 3.04.00' />
  <meta name='ocr-capabilities' content='ocr_page ocr_carea ocr_par ocr_line ocrx_word'/>
</head>
<body>
  <div class='ocr_page' id='page_1' title='image "./amphibiorumnudor00fisc_0053.png"; bbox 0 0 2149 3261; ppageno 0'>
   <div class='ocr_carea' id='block_1_1' title="bbox 809 275 895 321">
    <p class='ocr_par' dir='ltr' id='par_1_1' title="bbox 809 275 895 321">
     <span class='ocr_line' id='line_1_1' title="bbox 809 275 895 321; baseline 0 0"><span class='ocrx_word' id='word_1_1' title='bbox 809 275 895 321; x_wconf 69' lang='lat'><strong>45</strong></span> 
     </span>
    </p>
   </div>
   <div class='ocr_carea' id='block_1_2' title="bbox 805 910 868 953">
    <p class='ocr_par' dir='ltr' id='par_1_2' title="bbox 805 910 868 953">
     <span class='ocr_line' id='line_1_2' title="bbox 805 910 868 953; baseline 0.016 -1"><span class='ocrx_word' id='word_1_2' title='bbox 805 910 868 953; x_wconf 92' lang='grc' dir='ltr'><strong>ΙΙ.</strong></span> 
     </span>
    </p>
   </div>
   <div class='ocr_carea' id='block_1_3' title="bbox 144 1000 1543 1110">
    <p class='ocr_par' dir='ltr' id='par_1_3' title="bbox 144 1000 1543 1110">
     <span class='ocr_line' id='line_1_3' title="bbox 144 1000 1543 1045; baseline -0.001 -8"><span class='ocrx_word' id='word_1_3' title='bbox 144 1006 268 1045; x_wconf 84' lang='lat' dir='ltr'><strong>VERA,</strong></span> <span class='ocrx_word' id='word_1_4' title='bbox 290 1005 412 1045; x_wconf 85' lang='lat' dir='ltr'><strong>QUAM</strong></span> <span class='ocrx_word' id='word_1_5' title='bbox 434 1004 632 1035; x_wconf 84' lang='lat' dir='ltr'><strong>HABEANT</strong></span> <span class='ocrx_word' id='word_1_6' title='bbox 655 1003 697 1034; x_wconf 85' lang='grc' dir='ltr'><strong>ΙΝ</strong></span> <span class='ocrx_word' id='word_1_7' title='bbox 721 1001 938 1034; x_wconf 75' lang='lat' dir='ltr'><strong>AMPfflan</strong></span> <span class='ocrx_word' id='word_1_8' title='bbox 960 1001 1088 1032; x_wconf 80' lang='lat' dir='ltr'><strong>NUDlS</strong></span> <span class='ocrx_word' id='word_1_9' title='bbox 1110 1000 1240 1033; x_wconf 80' lang='lat' dir='ltr'><strong>NERVl</strong></span> <span class='ocrx_word' id='word_1_10' title='bbox 1262 1002 1543 1041; x_wconf 81' lang='lat' dir='ltr'><strong>CEREBRALES,</strong></span> 
     </span>
     <span class='ocr_line' id='line_1_4' title="bbox 532 1077 1157 1110; baseline 0 -1"><span class='ocrx_word' id='word_1_11' title='bbox 532 1079 598 1110; x_wconf 82' lang='lat' dir='ltr'><strong>VlS</strong></span> <span class='ocrx_word' id='word_1_12' title='bbox 622 1079 676 1109; x_wconf 76' lang='lat' dir='ltr'><strong>Ac</strong></span> <span class='ocrx_word' id='word_1_13' title='bbox 699 1078 876 1109; x_wconf 83' lang='lat' dir='ltr'>NATURA</span> <span class='ocrx_word' id='word_1_14' title='bbox 897 1077 1157 1110; x_wconf 80' lang='lat' dir='ltr'><strong>EXPONlTUR.</strong></span> 
     </span>
    </p>
   </div>
   <div class='ocr_carea' id='block_1_4' title="bbox 67 1190 1610 1906">
    <p class='ocr_par' dir='ltr' id='par_1_4' title="bbox 67 1190 1610 1831">
     <span class='ocr_line' id='line_1_5' title="bbox 236 1190 1610 1230; baseline -0.002 -8"><span class='ocrx_word' id='word_1_15' title='bbox 236 1192 318 1222; x_wconf 76' lang='lat' dir='ltr'><strong>Satis</strong></span> <span class='ocrx_word' id='word_1_16' title='bbox 352 1195 468 1222; x_wconf 82' lang='lat' dir='ltr'><strong>constat</strong></span> <span class='ocrx_word' id='word_1_17' title='bbox 501 1193 574 1221; x_wconf 89' lang='lat' dir='ltr'><strong>inter</strong></span> <span class='ocrx_word' id='word_1_18' title='bbox 607 1201 669 1227; x_wconf 83' lang='lat' dir='ltr'><strong>eos,</strong></span> <span class='ocrx_word' id='word_1_19' title='bbox 702 1192 750 1230; x_wconf 87' lang='lat' dir='ltr'><strong>qui</strong></span> <span class='ocrx_word' id='word_1_20' title='bbox 778 1191 894 1228; x_wconf 83' lang='lat' dir='ltr'><strong>ingenio</strong></span> <span class='ocrx_word' id='word_1_21' title='bbox 916 1191 1060 1228; x_wconf 78' lang='lat' dir='ltr'>animique</span> <span class='ocrx_word' id='word_1_22' title='bbox 1082 1192 1245 1218; x_wconf 75' lang='lat' dir='ltr'><strong>attentione</strong></span> <span class='ocrx_word' id='word_1_23' title='bbox 1268 1193 1397 1219; x_wconf 88' lang='lat' dir='ltr'><strong>naturam</strong></span> <span class='ocrx_word' id='word_1_24' title='bbox 1422 1190 1610 1228; x_wconf 80' lang='lat' dir='ltr'><strong>contemplari</strong></span> 
     </span>
     <span class='ocr_line' id='line_1_6' title="bbox 75 1264 1610 1305; baseline -0.002 -8"><span class='ocrx_word' id='word_1_25' title='bbox 75 1272 145 1297; x_wconf 85' lang='lat' dir='ltr'><strong>sunt</strong></span> <span class='ocrx_word' id='word_1_26' title='bbox 177 1269 300 1303; x_wconf 86' lang='lat' dir='ltr'><strong>assueti,</strong></span> <span class='ocrx_word' id='word_1_27' title='bbox 333 1267 512 1305; x_wconf 88' lang='lat' dir='ltr'><strong>magnificum</strong></span> <span class='ocrx_word' id='word_1_28' title='bbox 536 1267 590 1296; x_wconf 88' lang='lat' dir='ltr'><strong>hoc</strong></span> <span class='ocrx_word' id='word_1_29' title='bbox 612 1266 700 1296; x_wconf 89' lang='lat' dir='ltr'><strong>divini</strong></span> <span class='ocrx_word' id='word_1_30' title='bbox 723 1267 849 1295; x_wconf 84' lang='lat' dir='ltr'><strong>numinis</strong></span> <span class='ocrx_word' id='word_1_31' title='bbox 872 1275 946 1304; x_wconf 86' lang='lat' dir='ltr'><strong>opus</strong></span> <span class='ocrx_word' id='word_1_32' title='bbox 969 1266 1125 1302; x_wconf 84' lang='lat' dir='ltr'><strong>organismi</strong></span> <span class='ocrx_word' id='word_1_33' title='bbox 1148 1266 1231 1304; x_wconf 85' lang='lat' dir='ltr'><strong>quasi</strong></span> <span class='ocrx_word' id='word_1_34' title='bbox 1255 1264 1371 1294; x_wconf 82' lang='lat' dir='ltr'><strong>formam</strong></span> <span class='ocrx_word' id='word_1_35' title='bbox 1395 1264 1540 1302; x_wconf 86' lang='lat' dir='ltr'><strong>exhibere,</strong></span> <span class='ocrx_word' id='word_1_36' title='bbox 1563 1267 1610 1304; x_wconf 91' lang='lat' dir='ltr'><strong>qui</strong></span> 
     </span>
     <span class='ocr_line' id='line_1_7' title="bbox 69 1339 1607 1382; baseline -0.002 -10"><span class='ocrx_word' id='word_1_37' title='bbox 69 1348 148 1373; x_wconf 86' lang='lat' dir='ltr'><strong>totus</strong></span> <span class='ocrx_word' id='word_1_38' title='bbox 173 1344 249 1382; x_wconf 88' lang='lat' dir='ltr'><strong>prior</strong></span> <span class='ocrx_word' id='word_1_39' title='bbox 280 1345 319 1372; x_wconf 84' lang='lat' dir='ltr'><strong>sit</strong></span> <span class='ocrx_word' id='word_1_40' title='bbox 352 1342 492 1380; x_wconf 86' lang='lat' dir='ltr'><strong>partibus,</strong></span> <span class='ocrx_word' id='word_1_41' title='bbox 528 1341 762 1379; x_wconf 79' lang='lat' dir='ltr'><strong>Universumque</strong></span> <span class='ocrx_word' id='word_1_42' title='bbox 785 1351 840 1369; x_wconf 89' lang='lat' dir='ltr'><strong>non</strong></span> <span class='ocrx_word' id='word_1_43' title='bbox 863 1341 1016 1369; x_wconf 81' lang='lat' dir='ltr'><strong>elementis</strong></span> <span class='ocrx_word' id='word_1_44' title='bbox 1037 1344 1166 1373; x_wconf 83' lang='lat' dir='ltr'><strong>externa,</strong></span> <span class='ocrx_word' id='word_1_45' title='bbox 1189 1344 1227 1376; x_wconf 79' lang='lat' dir='ltr'><strong>et,</strong></span> <span class='ocrx_word' id='word_1_46' title='bbox 1249 1345 1279 1369; x_wconf 88' lang='lat' dir='ltr'><strong>ut</strong></span> <span class='ocrx_word' id='word_1_47' title='bbox 1301 1342 1340 1369; x_wconf 86' lang='lat' dir='ltr'><strong>ita</strong></span> <span class='ocrx_word' id='word_1_48' title='bbox 1364 1339 1468 1376; x_wconf 86' lang='lat' dir='ltr'><strong>dicam,</strong></span> <span class='ocrx_word' id='word_1_49' title='bbox 1490 1340 1607 1370; x_wconf 85' lang='lat' dir='ltr'><strong>mecha-</strong></span> 
     </span>
     <span class='ocr_line' id='line_1_8' title="bbox 71 1415 1609 1455; baseline -0.001 -9"><span class='ocrx_word' id='word_1_50' title='bbox 71 1420 136 1447; x_wconf 88' lang='lat' dir='ltr'><strong>nica</strong></span> <span class='ocrx_word' id='word_1_51' title='bbox 159 1416 282 1455; x_wconf 83' lang='lat' dir='ltr'><strong>quadam</strong></span> <span class='ocrx_word' id='word_1_52' title='bbox 305 1419 418 1445; x_wconf 78' lang='lat' dir='ltr'><strong>ratione</strong></span> <span class='ocrx_word' id='word_1_53' title='bbox 440 1426 508 1445; x_wconf 86' lang='lat' dir='ltr'><strong>esse</strong></span> <span class='ocrx_word' id='word_1_54' title='bbox 533 1418 734 1455; x_wconf 81' lang='lat' dir='ltr'><strong>compositum,</strong></span> <span class='ocrx_word' id='word_1_55' title='bbox 756 1415 809 1444; x_wconf 91' lang='lat' dir='ltr'><strong>sed</strong></span> <span class='ocrx_word' id='word_1_56' title='bbox 832 1416 1038 1444; x_wconf 85' lang='lat' dir='ltr'><strong>coniunctione</strong></span> <span class='ocrx_word' id='word_1_57' title='bbox 1060 1418 1088 1443; x_wconf 89' lang='lat' dir='ltr'><strong>et</strong></span> <span class='ocrx_word' id='word_1_58' title='bbox 1112 1415 1212 1443; x_wconf 85' lang='lat' dir='ltr'><strong>intimo</strong></span> <span class='ocrx_word' id='word_1_59' title='bbox 1235 1416 1357 1452; x_wconf 78' lang='lat' dir='ltr'><strong>partium</strong></span> <span class='ocrx_word' id='word_1_60' title='bbox 1381 1425 1454 1444; x_wconf 90' lang='lat' dir='ltr'><strong>nexu</strong></span> <span class='ocrx_word' id='word_1_61' title='bbox 1488 1415 1609 1444; x_wconf 84' lang='lat' dir='ltr'><strong>formari.</strong></span> 
     </span>
     <span class='ocr_line' id='line_1_9' title="bbox 70 1488 1609 1530; baseline -0.002 -7"><span class='ocrx_word' id='word_1_62' title='bbox 70 1493 133 1530; x_wconf 86' lang='lat' dir='ltr'><strong>Sic,</strong></span> <span class='ocrx_word' id='word_1_63' title='bbox 166 1497 197 1522; x_wconf 91' lang='lat' dir='ltr'><strong>ut</strong></span> <span class='ocrx_word' id='word_1_64' title='bbox 230 1491 394 1521; x_wconf 87' lang='lat' dir='ltr'><strong>animalium</strong></span> <span class='ocrx_word' id='word_1_65' title='bbox 430 1495 494 1520; x_wconf 81' lang='lat' dir='ltr'><strong>utar</strong></span> <span class='ocrx_word' id='word_1_66' title='bbox 526 1490 667 1530; x_wconf 86' lang='lat' dir='ltr'><strong>exemplo,</strong></span> <span class='ocrx_word' id='word_1_67' title='bbox 704 1488 832 1519; x_wconf 84' lang='lat' dir='ltr'><strong>divinum</strong></span> <span class='ocrx_word' id='word_1_68' title='bbox 864 1488 1010 1525; x_wconf 86' lang='lat' dir='ltr'><strong>quoddam</strong></span> <span class='ocrx_word' id='word_1_69' title='bbox 1034 1489 1182 1518; x_wconf 84' lang='lat' dir='ltr'><strong>vinculum</strong></span> <span class='ocrx_word' id='word_1_70' title='bbox 1206 1499 1308 1518; x_wconf 85' lang='lat' dir='ltr'><strong>omnes</strong></span> <span class='ocrx_word' id='word_1_71' title='bbox 1331 1489 1419 1519; x_wconf 86' lang='lat' dir='ltr'><strong>hosce</strong></span> <span class='ocrx_word' id='word_1_72' title='bbox 1443 1492 1536 1528; x_wconf 81' lang='lat' dir='ltr'><strong>magni</strong></span> <span class='ocrx_word' id='word_1_73' title='bbox 1561 1500 1609 1520; x_wconf 87' lang='lat' dir='ltr'><strong>na-</strong></span> 
     </span>
     <span class='ocr_line' id='line_1_10' title="bbox 71 1563 1610 1606; baseline -0.005 -7"><span class='ocrx_word' id='word_1_74' title='bbox 71 1574 153 1599; x_wconf 85' lang='lat' dir='ltr'><strong>turae</strong></span> <span class='ocrx_word' id='word_1_75' title='bbox 175 1569 285 1606; x_wconf 88' lang='lat' dir='ltr'><strong>imperii</strong></span> <span class='ocrx_word' id='word_1_76' title='bbox 309 1568 389 1596; x_wconf 86' lang='lat' dir='ltr'><strong>cives</strong></span> <span class='ocrx_word' id='word_1_77' title='bbox 412 1568 576 1603; x_wconf 87' lang='lat' dir='ltr'><strong>consociat,</strong></span> <span class='ocrx_word' id='word_1_78' title='bbox 597 1575 692 1604; x_wconf 89' lang='lat' dir='ltr'><strong>neque</strong></span> <span class='ocrx_word' id='word_1_79' title='bbox 714 1564 791 1594; x_wconf 89' lang='lat' dir='ltr'><strong>ullus</strong></span> <span class='ocrx_word' id='word_1_80' title='bbox 813 1566 877 1593; x_wconf 86' lang='lat' dir='ltr'><strong>sine</strong></span> <span class='ocrx_word' id='word_1_81' title='bbox 899 1563 991 1593; x_wconf 85' lang='lat' dir='ltr'><strong>altero</strong></span> <span class='ocrx_word' id='word_1_82' title='bbox 1014 1567 1117 1602; x_wconf 80' lang='lat' dir='ltr'><strong>posset</strong></span> <span class='ocrx_word' id='word_1_83' title='bbox 1139 1567 1226 1595; x_wconf 85' lang='lat' dir='ltr'><strong>stare.</strong></span> <span class='ocrx_word' id='word_1_84' title='bbox 1250 1563 1490 1603; x_wconf 82' lang='lat' dir='ltr'><strong>Uniuscuiusque</strong></span> <span class='ocrx_word' id='word_1_85' title='bbox 1502 1566 1610 1593; x_wconf 88' lang='lat' dir='ltr'><strong>anima-</strong></span> 
     </span>
     <span class='ocr_line' id='line_1_11' title="bbox 71 1638 1608 1680; baseline -0.003 -7"><span class='ocrx_word' id='word_1_86' title='bbox 71 1646 109 1674; x_wconf 87' lang='lat' dir='ltr'><strong>lis</strong></span> <span class='ocrx_word' id='word_1_87' title='bbox 143 1644 295 1672; x_wconf 75' lang='lat' dir='ltr'><strong>existentia</strong></span> <span class='ocrx_word' id='word_1_88' title='bbox 327 1652 360 1671; x_wconf 89' lang='lat' dir='ltr'><strong>ea</strong></span> <span class='ocrx_word' id='word_1_89' title='bbox 392 1642 513 1671; x_wconf 85' lang='lat' dir='ltr'><strong>alterius</strong></span> <span class='ocrx_word' id='word_1_90' title='bbox 543 1642 718 1680; x_wconf 83' lang='lat' dir='ltr'>exposcitur,</span> <span class='ocrx_word' id='word_1_91' title='bbox 741 1639 818 1679; x_wconf 88' lang='lat' dir='ltr'><strong>quod</strong></span> <span class='ocrx_word' id='word_1_92' title='bbox 840 1643 890 1668; x_wconf 90' lang='lat' dir='ltr'><strong>aut</strong></span> <span class='ocrx_word' id='word_1_93' title='bbox 913 1640 1086 1668; x_wconf 86' lang='lat' dir='ltr'><strong>nutrimento</strong></span> <span class='ocrx_word' id='word_1_94' title='bbox 1109 1638 1149 1668; x_wconf 89' lang='lat' dir='ltr'><strong>illi</strong></span> <span class='ocrx_word' id='word_1_95' title='bbox 1172 1639 1222 1675; x_wconf 88' lang='lat' dir='ltr'><strong>sit,</strong></span> <span class='ocrx_word' id='word_1_96' title='bbox 1244 1642 1295 1668; x_wconf 84' lang='lat' dir='ltr'><strong>aut</strong></span> <span class='ocrx_word' id='word_1_97' title='bbox 1317 1640 1433 1669; x_wconf 82' lang='lat' dir='ltr'>nimiam</span> <span class='ocrx_word' id='word_1_98' title='bbox 1456 1641 1519 1669; x_wconf 80' lang='lat' dir='ltr'><strong>eius</strong></span> <span class='ocrx_word' id='word_1_99' title='bbox 1542 1650 1608 1679; x_wconf 84' lang='lat' dir='ltr'><strong>pro-</strong></span> 
     </span>
     <span class='ocr_line' id='line_1_12' title="bbox 71 1713 1608 1760; baseline -0.003 -11"><span class='ocrx_word' id='word_1_100' title='bbox 71 1720 254 1760; x_wconf 83' lang='lat' dir='ltr'><strong>pagationem</strong></span> <span class='ocrx_word' id='word_1_101' title='bbox 291 1721 440 1753; x_wconf 81' lang='lat' dir='ltr'><strong>coerceat,</strong></span> <span class='ocrx_word' id='word_1_102' title='bbox 477 1718 515 1745; x_wconf 85' lang='lat' dir='ltr'><strong>ita</strong></span> <span class='ocrx_word' id='word_1_103' title='bbox 553 1720 592 1752; x_wconf 78' lang='lat' dir='ltr'><strong>ut,</strong></span> <span class='ocrx_word' id='word_1_104' title='bbox 628 1717 714 1745; x_wconf 88' lang='lat' dir='ltr'><strong>unius</strong></span> <span class='ocrx_word' id='word_1_105' title='bbox 750 1713 933 1745; x_wconf 85' lang='lat' dir='ltr'><strong>solummodo</strong></span> <span class='ocrx_word' id='word_1_106' title='bbox 968 1713 1077 1744; x_wconf 80' lang='lat' dir='ltr'><strong>ordinis</strong></span> <span class='ocrx_word' id='word_1_107' title='bbox 1110 1713 1200 1743; x_wconf 81' lang='lat' dir='ltr'><strong>forma</strong></span> <span class='ocrx_word' id='word_1_108' title='bbox 1222 1724 1257 1743; x_wconf 85' lang='lat' dir='ltr'><strong>ex</strong></span> <span class='ocrx_word' id='word_1_109' title='bbox 1278 1715 1421 1744; x_wconf 79' lang='lat' dir='ltr'><strong>societate</strong></span> <span class='ocrx_word' id='word_1_110' title='bbox 1442 1715 1608 1744; x_wconf 85' lang='lat' dir='ltr'><strong>animalium</strong></span> 
     </span>
     <span class='ocr_line' id='line_1_13' title="bbox 67 1789 941 1831; baseline -0.007 -6"><span class='ocrx_word' id='word_1_111' title='bbox 67 1795 193 1829; x_wconf 82' lang='lat' dir='ltr'><strong>sublata,</strong></span> <span class='ocrx_word' id='word_1_112' title='bbox 216 1797 275 1822; x_wconf 87' lang='lat' dir='ltr'><strong>tota</strong></span> <span class='ocrx_word' id='word_1_113' title='bbox 298 1792 347 1822; x_wconf 92' lang='lat' dir='ltr'><strong>illa</strong></span> <span class='ocrx_word' id='word_1_114' title='bbox 369 1791 514 1831; x_wconf 83' lang='lat' dir='ltr'><strong>extemplo</strong></span> <span class='ocrx_word' id='word_1_115' title='bbox 536 1796 633 1820; x_wconf 79' lang='lat' dir='ltr'><strong>rueret</strong></span> <span class='ocrx_word' id='word_1_116' title='bbox 655 1790 872 1830; x_wconf 74' lang='lat' dir='ltr'><strong>perturbatione</strong></span> <span class='ocrx_word' id='word_1_117' title='bbox 884 1789 941 1827; x_wconf 86' lang='lat' dir='ltr'><strong>(l).</strong></span> 
     </span>
    </p>

    <p class='ocr_par' dir='ltr' id='par_1_5' title="bbox 229 1864 1607 1906">
     <span class='ocr_line' id='line_1_14' title="bbox 229 1864 1607 1906; baseline -0.001 -10"><span class='ocrx_word' id='word_1_118' title='bbox 229 1869 314 1906; x_wconf 79' lang='lat' dir='ltr'><strong>Quae</strong></span> <span class='ocrx_word' id='word_1_119' title='bbox 346 1877 432 1906; x_wconf 90' lang='lat' dir='ltr'><strong>quum</strong></span> <span class='ocrx_word' id='word_1_120' title='bbox 465 1868 505 1895; x_wconf 91' lang='lat' dir='ltr'><strong>ita</strong></span> <span class='ocrx_word' id='word_1_121' title='bbox 535 1869 604 1902; x_wconf 75' lang='lat' dir='ltr'><strong>sint,</strong></span> <span class='ocrx_word' id='word_1_122' title='bbox 627 1867 804 1905; x_wconf 84' lang='lat' dir='ltr'><strong>singularum</strong></span> <span class='ocrx_word' id='word_1_123' title='bbox 829 1869 948 1894; x_wconf 83' lang='lat' dir='ltr'><strong>naturae</strong></span> <span class='ocrx_word' id='word_1_124' title='bbox 971 1866 1093 1904; x_wconf 87' lang='lat' dir='ltr'><strong>partium</strong></span> <span class='ocrx_word' id='word_1_125' title='bbox 1117 1873 1172 1893; x_wconf 89' lang='lat' dir='ltr'><strong>non</strong></span> <span class='ocrx_word' id='word_1_126' title='bbox 1195 1874 1285 1904; x_wconf 87' lang='lat' dir='ltr'><strong>posse</strong></span> <span class='ocrx_word' id='word_1_127' title='bbox 1308 1867 1449 1902; x_wconf 81' lang='lat' dir='ltr'><strong>cognosci</strong></span> <span class='ocrx_word' id='word_1_128' title='bbox 1472 1864 1607 1901; x_wconf 83' lang='lat' dir='ltr'><strong>indolem,</strong></span> 
     </span>
    </p>
   </div>
   <div class='ocr_carea' id='block_1_5' title="bbox 69 1938 1605 1981">
    <p class='ocr_par' dir='ltr' id='par_1_6' title="bbox 69 1938 1605 1981">
     <span class='ocr_line' id='line_1_15' title="bbox 69 1938 1605 1981; baseline -0.004 -6"><span class='ocrx_word' id='word_1_129' title='bbox 69 1946 125 1975; x_wconf 87' lang='lat' dir='ltr'><strong>nisi</strong></span> <span class='ocrx_word' id='word_1_130' title='bbox 159 1949 246 1974; x_wconf 80' lang='lat' dir='ltr'><strong>totau·</strong></span> <span class='ocrx_word' id='word_1_131' title='bbox 279 1943 356 1972; x_wconf 86' lang='lat' dir='ltr'><strong>illam</strong></span> <span class='ocrx_word' id='word_1_132' title='bbox 384 1942 492 1981; x_wconf 82' lang='lat' dir='ltr'><strong>aliquis</strong></span> <span class='ocrx_word' id='word_1_133' title='bbox 514 1943 668 1980; x_wconf 78' lang='lat' dir='ltr'><strong>respiciat,</strong></span> <span class='ocrx_word' id='word_1_134' title='bbox 692 1940 776 1970; x_wconf 74' lang='lat' dir='ltr'><strong>facile</strong></span> <span class='ocrx_word' id='word_1_135' title='bbox 798 1945 927 1979; x_wconf 81' lang='lat' dir='ltr'><strong>apparet,</strong></span> <span class='ocrx_word' id='word_1_136' title='bbox 951 1942 989 1969; x_wconf 84' lang='lat' dir='ltr'><strong>ita</strong></span> <span class='ocrx_word' id='word_1_137' title='bbox 1012 1945 1043 1969; x_wconf 92' lang='lat' dir='ltr'><strong>ut</strong></span> <span class='ocrx_word' id='word_1_138' title='bbox 1064 1938 1246 1968; x_wconf 82' lang='lat' dir='ltr'><strong>solummodo</strong></span> <span class='ocrx_word' id='word_1_139' title='bbox 1270 1950 1371 1969; x_wconf 84' lang='lat' dir='ltr'><strong>omnes</strong></span> <span class='ocrx_word' id='word_1_140' title='bbox 1394 1940 1521 1978; x_wconf 86' lang='lat' dir='ltr'><strong>reliquos</strong></span> <span class='ocrx_word' id='word_1_141' title='bbox 1544 1942 1605 1970; x_wconf 86' lang='lat' dir='ltr'><strong>ani-</strong></span> 
     </span>
    </p>
   </div>
   <div class='ocr_carea' id='block_1_6' title="bbox 64 2121 1605 2426">
    <p class='ocr_par' dir='ltr' id='par_1_7' title="bbox 64 2121 1605 2426">
     <span class='ocr_line' id='line_1_16' title="bbox 227 2121 1605 2158; baseline -0.001 -9"><span class='ocrx_word' id='word_1_142' title='bbox 227 2125 266 2155; x_wconf 85' lang='lat'><strong>(1)</strong></span> <span class='ocrx_word' id='word_1_143' title='bbox 289 2122 338 2149; x_wconf 91' lang='lat' dir='ltr'><strong>Cui</strong></span> <span class='ocrx_word' id='word_1_144' title='bbox 359 2124 396 2149; x_wconf 88' lang='lat' dir='ltr'><strong>rei</strong></span> <span class='ocrx_word' id='word_1_145' title='bbox 417 2123 479 2158; x_wconf 83' lang='lat' dir='ltr'><strong>quid</strong></span> <span class='ocrx_word' id='word_1_146' title='bbox 499 2123 610 2157; x_wconf 83' lang='lat' dir='ltr'><strong>gravius</strong></span> <span class='ocrx_word' id='word_1_147' title='bbox 636 2123 726 2157; x_wconf 80' lang='lat' dir='ltr'><strong>possit</strong></span> <span class='ocrx_word' id='word_1_148' title='bbox 754 2122 866 2156; x_wconf 76' lang='lat' dir='ltr'><strong>cogitari</strong></span> <span class='ocrx_word' id='word_1_149' title='bbox 895 2124 1088 2155; x_wconf 82' lang='lat' dir='ltr'><strong>argumentum,</strong></span> <span class='ocrx_word' id='word_1_150' title='bbox 1119 2129 1196 2155; x_wconf 89' lang='lat' dir='ltr'><strong>quam</strong></span> <span class='ocrx_word' id='word_1_151' title='bbox 1225 2122 1318 2156; x_wconf 78' lang='lat' dir='ltr'><strong>ingens</strong></span> <span class='ocrx_word' id='word_1_152' title='bbox 1346 2121 1388 2147; x_wconf 86' lang='lat' dir='ltr'><strong>illa</strong></span> <span class='ocrx_word' id='word_1_153' title='bbox 1421 2121 1521 2154; x_wconf 75' lang='lat' dir='ltr'><strong>glirium</strong></span> <span class='ocrx_word' id='word_1_154' title='bbox 1543 2130 1605 2155; x_wconf 82' lang='lat' dir='ltr'><strong>quo-</strong></span> 
     </span>
     <span class='ocr_line' id='line_1_17' title="bbox 66 2173 1604 2212; baseline -0.002 -9"><span class='ocrx_word' id='word_1_155' title='bbox 66 2178 174 2204; x_wconf 81' lang='lat' dir='ltr'><strong>rundam</strong></span> <span class='ocrx_word' id='word_1_156' title='bbox 195 2176 295 2212; x_wconf 82' lang='lat' dir='ltr'><strong>proles,</strong></span> <span class='ocrx_word' id='word_1_157' title='bbox 317 2185 386 2211; x_wconf 89' lang='lat' dir='ltr'><strong>quae</strong></span> <span class='ocrx_word' id='word_1_158' title='bbox 408 2177 550 2211; x_wconf 76' lang='lat' dir='ltr'><strong>quotannis</strong></span> <span class='ocrx_word' id='word_1_159' title='bbox 571 2184 639 2202; x_wconf 89' lang='lat' dir='ltr'><strong>nunc</strong></span> <span class='ocrx_word' id='word_1_160' title='bbox 661 2175 716 2202; x_wconf 83' lang='lat' dir='ltr'><strong>fere</strong></span> <span class='ocrx_word' id='word_1_161' title='bbox 737 2179 849 2210; x_wconf 83' lang='lat' dir='ltr'><strong>segetes</strong></span> <span class='ocrx_word' id='word_1_162' title='bbox 880 2176 903 2201; x_wconf 89' lang='lat' dir='ltr'><strong>in</strong></span> <span class='ocrx_word' id='word_1_163' title='bbox 933 2175 1066 2200; x_wconf 87' lang='lat' dir='ltr'><strong>nonnullis</strong></span> <span class='ocrx_word' id='word_1_164' title='bbox 1095 2173 1256 2209; x_wconf 74' lang='lat' dir='ltr'><strong>&#39;l&#39;huringiae</strong></span> <span class='ocrx_word' id='word_1_165' title='bbox 1285 2174 1439 2209; x_wconf 82' lang='lat' dir='ltr'><strong>regionibus</strong></span> <span class='ocrx_word' id='word_1_166' title='bbox 1471 2175 1604 2207; x_wconf 82' lang='lat' dir='ltr'><strong>devastat,</strong></span> 
     </span>
     <span class='ocr_line' id='line_1_18' title="bbox 65 2228 1602 2264; baseline -0.002 -7"><span class='ocrx_word' id='word_1_167' title='bbox 65 2232 212 2264; x_wconf 86' lang='lat' dir='ltr'><strong>inanesque</strong></span> <span class='ocrx_word' id='word_1_168' title='bbox 242 2231 330 2256; x_wconf 84' lang='lat' dir='ltr'><strong>reddit</strong></span> <span class='ocrx_word' id='word_1_169' title='bbox 359 2239 452 2256; x_wconf 81' lang='lat' dir='ltr'><strong>omnes</strong></span> <span class='ocrx_word' id='word_1_170' title='bbox 473 2229 607 2264; x_wconf 85' lang='lat' dir='ltr'><strong>agricolae</strong></span> <span class='ocrx_word' id='word_1_171' title='bbox 636 2228 762 2255; x_wconf 72' lang='lat' dir='ltr'><strong>labores?</strong></span> <span class='ocrx_word' id='word_1_172' title='bbox 813 2228 925 2254; x_wconf 89' lang='lat' dir='ltr'><strong>Videtur</strong></span> <span class='ocrx_word' id='word_1_173' title='bbox 954 2229 1019 2254; x_wconf 86' lang='lat' dir='ltr'><strong>enim</strong></span> <span class='ocrx_word' id='word_1_174' title='bbox 1050 2228 1126 2254; x_wconf 84' lang='lat' dir='ltr'><strong>huius</strong></span> <span class='ocrx_word' id='word_1_175' title='bbox 1159 2229 1260 2260; x_wconf 78' lang='lat' dir='ltr'><strong>nimiae,</strong></span> <span class='ocrx_word' id='word_1_176' title='bbox 1295 2237 1326 2254; x_wconf 85' lang='lat' dir='ltr'><strong>ac</strong></span> <span class='ocrx_word' id='word_1_177' title='bbox 1355 2229 1411 2254; x_wconf 78' lang='lat' dir='ltr'><strong>sere</strong></span> <span class='ocrx_word' id='word_1_178' title='bbox 1448 2228 1602 2254; x_wconf 78' lang='lat' dir='ltr'><strong>innaturalis</strong></span> 
     </span>
     <span class='ocr_line' id='line_1_19' title="bbox 65 2281 1603 2319; baseline -0.001 -10"><span class='ocrx_word' id='word_1_179' title='bbox 65 2285 270 2319; x_wconf 79' lang='lat' dir='ltr'><strong>propagationis</strong></span> <span class='ocrx_word' id='word_1_180' title='bbox 289 2292 388 2309; x_wconf 81' lang='lat' dir='ltr'><strong>caussa</strong></span> <span class='ocrx_word' id='word_1_181' title='bbox 410 2284 434 2309; x_wconf 92' lang='lat' dir='ltr'><strong>in</strong></span> <span class='ocrx_word' id='word_1_182' title='bbox 455 2292 488 2309; x_wconf 86' lang='lat' dir='ltr'><strong>eo</strong></span> <span class='ocrx_word' id='word_1_183' title='bbox 510 2284 599 2318; x_wconf 85' lang='lat' dir='ltr'><strong>posita</strong></span> <span class='ocrx_word' id='word_1_184' title='bbox 619 2291 692 2313; x_wconf 69' lang='lat' dir='ltr'><strong>esse,</strong></span> <span class='ocrx_word' id='word_1_185' title='bbox 714 2282 785 2317; x_wconf 87' lang='lat' dir='ltr'><strong>quod</strong></span> <span class='ocrx_word' id='word_1_186' title='bbox 807 2286 859 2308; x_wconf 81' lang='lat' dir='ltr'><strong>tam</strong></span> <span class='ocrx_word' id='word_1_187' title='bbox 880 2283 979 2308; x_wconf 86' lang='lat' dir='ltr'><strong>acriter</strong></span> <span class='ocrx_word' id='word_1_188' title='bbox 998 2281 1139 2312; x_wconf 77' lang='lat' dir='ltr'><strong>Falcones,</strong></span> <span class='ocrx_word' id='word_1_189' title='bbox 1174 2281 1290 2316; x_wconf 73' lang='lat' dir='ltr'><strong>striges,</strong></span> <span class='ocrx_word' id='word_1_190' title='bbox 1319 2281 1454 2307; x_wconf 78' lang='lat' dir='ltr'><strong>Mustelas</strong></span> <span class='ocrx_word' id='word_1_191' title='bbox 1480 2282 1603 2316; x_wconf 85' lang='lat' dir='ltr'><strong>aliosque</strong></span> 
     </span>
     <span class='ocr_line' id='line_1_20' title="bbox 65 2334 1603 2372; baseline -0.001 -9"><span class='ocrx_word' id='word_1_192' title='bbox 65 2342 219 2372; x_wconf 81' lang='lat' dir='ltr'><strong>raptatores</strong></span> <span class='ocrx_word' id='word_1_193' title='bbox 241 2343 440 2372; x_wconf 84' lang='lat' dir='ltr'><strong>persequuntur</strong></span> <span class='ocrx_word' id='word_1_194' title='bbox 460 2337 545 2363; x_wconf 82' lang='lat' dir='ltr'><strong>nostri</strong></span> <span class='ocrx_word' id='word_1_195' title='bbox 566 2337 694 2372; x_wconf 81' lang='lat' dir='ltr'><strong>temporis</strong></span> <span class='ocrx_word' id='word_1_196' title='bbox 715 2340 870 2368; x_wconf 78' lang='lat' dir='ltr'><strong>venatores,</strong></span> <span class='ocrx_word' id='word_1_197' title='bbox 900 2337 1014 2361; x_wconf 79' lang='lat' dir='ltr'><strong>maiores</strong></span> <span class='ocrx_word' id='word_1_198' title='bbox 1044 2334 1139 2361; x_wconf 82' lang='lat' dir='ltr'><strong>homini</strong></span> <span class='ocrx_word' id='word_1_199' title='bbox 1169 2334 1229 2360; x_wconf 79' lang='lat' dir='ltr'><strong>talia</strong></span> <span class='ocrx_word' id='word_1_200' title='bbox 1262 2334 1381 2360; x_wconf 85' lang='lat' dir='ltr'><strong>animalia</strong></span> <span class='ocrx_word' id='word_1_201' title='bbox 1411 2344 1475 2361; x_wconf 75' lang='lat' dir='ltr'><strong>esse</strong></span> <span class='ocrx_word' id='word_1_202' title='bbox 1508 2335 1603 2362; x_wconf 77' lang='lat' dir='ltr'><strong>hostes</strong></span> 
     </span>
     <span class='ocr_line' id='line_1_21' title="bbox 64 2387 1603 2426; baseline -0.001 -10"><span class='ocrx_word' id='word_1_203' title='bbox 64 2391 222 2416; x_wconf 71' lang='lat' dir='ltr'><strong>iudicantes.</strong></span> <span class='ocrx_word' id='word_1_204' title='bbox 244 2399 320 2424; x_wconf 84' lang='lat' dir='ltr'><strong>quam</strong></span> <span class='ocrx_word' id='word_1_205' title='bbox 342 2399 441 2426; x_wconf 77' lang='lat' dir='ltr'><strong>parvas</strong></span> <span class='ocrx_word' id='word_1_206' title='bbox 461 2390 518 2416; x_wconf 86' lang='lat' dir='ltr'><strong>illas</strong></span> <span class='ocrx_word' id='word_1_207' title='bbox 539 2391 647 2417; x_wconf 80' lang='lat' dir='ltr'><strong>murium</strong></span> <span class='ocrx_word' id='word_1_208' title='bbox 668 2391 882 2424; x_wconf 85' lang='lat' dir='ltr'><strong>cricetorumque</strong></span> <span class='ocrx_word' id='word_1_209' title='bbox 902 2389 1011 2416; x_wconf 77' lang='lat' dir='ltr'><strong>forinas.</strong></span> <span class='ocrx_word' id='word_1_210' title='bbox 1033 2388 1079 2414; x_wconf 69' lang='lat' dir='ltr'><strong>Sir</strong></span> <span class='ocrx_word' id='word_1_211' title='bbox 1100 2388 1142 2419; x_wconf 86' lang='lat' dir='ltr'><strong>illi,</strong></span> <span class='ocrx_word' id='word_1_212' title='bbox 1164 2387 1324 2423; x_wconf 80' lang='lat' dir='ltr'><strong>Charybdim</strong></span> <span class='ocrx_word' id='word_1_213' title='bbox 1342 2390 1442 2415; x_wconf 86' lang='lat' dir='ltr'><strong>evitare</strong></span> <span class='ocrx_word' id='word_1_214' title='bbox 1463 2389 1603 2415; x_wconf 70' lang='lat' dir='ltr'><strong>studentes</strong></span> 
     </span>
    </p>
   </div>
   <div class='ocr_carea' id='block_1_7' title="bbox 64 2443 402 2478">
    <p class='ocr_par' dir='ltr' id='par_1_8' title="bbox 64 2443 402 2478">
     <span class='ocr_line' id='line_1_22' title="bbox 64 2443 402 2478; baseline 0 -8"><span class='ocrx_word' id='word_1_215' title='bbox 64 2445 88 2470; x_wconf 94' lang='lat' dir='ltr'><strong>in</strong></span> <span class='ocrx_word' id='word_1_216' title='bbox 108 2443 224 2478; x_wconf 60' lang='lat' dir='ltr'><strong>Scyllam</strong></span> <span class='ocrx_word' id='word_1_217' title='bbox 246 2443 402 2471; x_wconf 73' lang='lat' dir='ltr'><strong>inciderunt.</strong></span> 
     </span>
    </p>
   </div>
  </div>
 </body>
</html>
