2149 3261
823 247 908 293 65

258 377 353 415 Quam
387 378 501 418 quidem
536 389 594 408 rem
626 381 787 409 accuratior
817 380 988 418 systematis
1013 381 1127 409 nervosi
1149 389 1240 418 penes
1263 379 1415 410 Batraehia
1438 382 1625 419 investigatio

99 463 175 482 nox-0
207 452 353 482 confirmat
375 454 520 493 exemplo,
555 464 640 493 quum
668 465 701 483 ex
722 455 785 484 sola
808 464 959 483 nervorum
981 453 1170 483 cerebralinm
1193 455 1438 495 contemplatione
1462 455 1628 485 conclusio-

99 538 151 557 nes
175 527 316 566 quaedam
339 528 514 564 redundent,
549 528 683 558 omnibus
706 530 757 564 iis,
793 538 866 568 quae
887 528 923 558 de
951 537 1018 557 vera
1042 528 1127 558 huius
1149 529 1274 558 familiae
1297 529 1506 560 distributione
1528 529 1625 560 disse-

95 607 212 632 ruerunt
235 601 395 633 doctissimi
419 605 485 640 viri,
521 613 640 643 prorsus
673 605 833 633 contrariae
855 607 942 642 atque
965 605 1126 642 oppositae.
1170 603 1277 633 Varias
1299 605 1390 640 euim,
1427 614 1500 644 quas
1523 605 1623 634 horum

98 687 250 707 nervorum
272 678 405 716 singulae
427 678 644 717 Ampliibiorum
667 677 805 707 nudorum
828 676 953 707 familiae
974 677 1109 707 exhibent
1144 677 1250 708 formas
1275 678 1489 718 comparando,
1525 680 1626 717 singu-

97 752 184 781 larem
217 752 325 782 hancce
356 758 385 782 et
417 763 536 792 prorsus
559 755 784 792 inexspectatam
807 753 970 782 invenimus
995 755 1147 782 rationem:
1181 753 1469 784 salamandr-{norum
1505 756 1623 793 propius

98 826 134 855 ad
169 828 349 866 superiorum
385 829 548 858 animalium
584 826 723 856 accedere
764 826 880 856 sormam
917 829 1088 866 systematis
1124 830 1240 858 nervosi
1277 838 1361 867 quam
1398 828 1623 859 Ecaudatorum.

97 900 270 939 Complures
293 905 366 932 enim
390 903 466 942 apud
487 903 559 932 haec
580 904 752 932 coniunctae
773 904 958 932 inveniuntur
979 913 1131 932 nervorum
1164 902 1278 933 radices
1306 903 1525 942 (Trigeminus,
1562 904 1623 934 Ab-

93 975 220 1012 ducens,
256 977 413 1015 Fwialis),
448 988 522 1017 quae
545 979 571 1006 in
594 978 669 1014 illis,
705 982 735 1006 ut
756 987 843 1016 supra
872 982 917 1007 est
939 977 1178 1015 demonstratum,
1201 978 1309 1008 liberae
1330 988 1365 1008 ac
1387 981 1541 1008 seiunctae
1563 989 1622 1009 ma-

95 1056 198 1081 nentes
234 1054 367 1082 maiorcm
404 1063 467 1082 cum
500 1053 625 1082 hominis
657 1052 908 1092 inanimaliumque
950 1055 1046 1082 nervis
1083 1052 1242 1083 ostendunt
1277 1053 1503 1085 similitudinem.
1556 1054 1621 1092 Qua

92 1129 204 1156 ratione
226 1131 402 1164 commotus,
436 1129 463 1157 si
497 1129 562 1167 quis
594 1129 771 1167 superiorem
805 1127 917 1157 Tritoni
949 1132 978 1157 et
1006 1127 1215 1158 Salamandrae
1247 1128 1374 1158 tribuere
1407 1129 1495 1159 vellet
1516 1129 1622 1166 locum,

91 1210 175 1238 quam
197 1200 411 1232 Ecaudatorum
434 1202 574 1239 familiae,
610 1205 635 1231 is
658 1203 841 1232 vehementer
872 1204 936 1232 sine
967 1202 1054 1232 dubio
1077 1207 1198 1240 erraret,
1233 1213 1319 1242 quum
1352 1204 1461 1243 reliqua
1494 1206 1622 1244 corporis

91 1275 263 1305 formatione
286 1279 360 1306 satis
382 1287 528 1317 superque
549 1282 704 1316 appareat,
739 1276 1077 1307 Phanerobranchiorum
1110 1277 1209 1307 formis
1242 1278 1291 1308 illa
1318 1278 1375 1308 duo
1398 1288 1505 1316 genera
1528 1280 1622 1317 magis

91 1360 159 1380 esse
190 1350 302 1387 affinia,
339 1362 423 1390 quam
459 1352 578 1381 alteram
611 1352 720 1382 hancce
751 1351 967 1382 Ecaudatorum
998 1352 1143 1382 familiam.
1187 1352 1292 1382 Mirum
1326 1355 1412 1391 igitur
1443 1357 1471 1383 iu
1507 1353 1621 1383 modum

89 1428 218 1463 systema
253 1435 407 1454 nervosum
440 1436 503 1455 cum
526 1427 637 1465 reliqua
671 1428 800 1465 corporis
822 1426 1049 1456 conformatione
1082 1437 1210 1465 pugnare
1242 1427 1372 1465 videtur,
1409 1429 1492 1458 cuius
1525 1432 1620 1458 tamen

91 1504 149 1529 tam
174 1501 292 1529 eximiae
315 1499 448 1539 adeoque
469 1500 626 1538 singularis
647 1501 688 1529 rei
711 1509 817 1530 caussa
840 1499 916 1529 haud
938 1502 976 1530 ita
998 1500 1124 1530 difficilis
1146 1506 1191 1530 est
1212 1502 1248 1532 ad
1265 1503 1480 1535 inveniendum.
1514 1503 1619 1534 Paullo

89 1575 164 1604 intra
186 1585 218 1604 ea
241 1574 372 1613 pluribus
395 1579 561 1614 exponetur.

250 1649 436 1688 Comparatio
469 1654 564 1679 autem
598 1660 750 1679 nervorum
783 1649 970 1680 cerebralium
993 1648 1062 1679 licet
1090 1649 1125 1679 de
1146 1653 1294 1690 superiore
1316 1655 1365 1680 aut
1387 1651 1537 1689 inferiore,
1572 1656 1619 1692 qui

89 1725 214 1763 singulis
237 1723 352 1753 familiis
375 1724 545 1754 tribuendus
567 1727 622 1762 sit,
655 1724 718 1754 loco
751 1725 819 1754 nibil
842 1735 897 1754 nos
920 1724 1024 1755 docere
1046 1724 1190 1754 videatur:
1225 1726 1308 1755 aliter
1330 1736 1377 1755 res
1400 1737 1433 1755 se
1455 1727 1557 1763 habet,
1593 1730 1618 1757 si

87 1810 131 1836 ea,
153 1799 259 1839 quibus
280 1799 397 1837 singula
419 1810 525 1837 genera
547 1802 621 1829 inter
642 1810 676 1829 se
698 1799 838 1836 differant,
860 1804 1045 1839 spectamus,
1080 1802 1186 1839 quippe
1207 1811 1282 1839 quae
1313 1803 1420 1839 optime
1443 1811 1507 1830 cum
1530 1804 1620 1831 omni-

86 1875 143 1904 bus
166 1874 223 1904 iere
246 1878 415 1912 congruant,
437 1884 511 1912 quae
533 1875 671 1912 praeclari
695 1878 814 1904 naturae
836 1878 1016 1904 scrutatores
1044 1874 1079 1903 de
1100 1884 1197 1904 eorum
1221 1876 1379 1913 zoologicis
1402 1875 1619 1906 discriminibus

87 1952 240 1988 ingeniose
261 1954 289 1979 et
312 1948 399 1978 docte
422 1948 630 1979 disseruerunt.
672 1947 710 1978 Et
737 1950 877 1987 imprimis
909 1951 1024 1987 egregia
1059 1950 1123 1986 illa,
1160 1960 1245 1988 quam
1280 1952 1322 1979 vir
1354 1950 1571 1981 illustrissimus
1592 1951 1619 1983 J.

86 2025 221 2055 Mtiller
242 2026 400 2063 praestitit,
437 2023 602 2053 distributio
624 2023 840 2053 Ecaudatorum
864 2026 891 2053 in
914 2028 973 2053 tres
1000 2023 1180 2054 subfamilias
1196 2024 1259 2063 (l),
1295 2025 1454 2054 secundum
1477 2025 1618 2056 defectum

85 2105 134 2130 aut
157 2101 350 2139 praesentiam
373 2101 508 2128 caritatis
532 2101 670 2138 tympani,
694 2109 727 2128 ea
750 2100 965 2138 comparatione
987 2098 1181 2135 confirmatum
1215 2110 1289 2138 quae
1312 2100 1428 2139 quidem
1453 2100 1616 2131 Pelobaten

86 2182 113 2205 et
137 2175 372 2205 Bombinatorem
394 2174 511 2212 (tertiae
534 2174 715 2203 sublamiliae
736 2183 859 2212 genera,
895 2175 959 2202 cavi
992 2177 1119 2214 tympani
1153 2177 1294 2212 carentia)
1328 2186 1384 2205 non
1415 2176 1509 2205 solum
1533 2177 1617 2206 valde

86 2263 101 2281 a
124 2250 218 2286 Rana,
240 2249 325 2289 Hyla,
349 2249 459 2279 Bufone
482 2248 644 2285 (secundae
667 2249 848 2279 sublamiliae
863 2249 1030 2287 generibus,
1052 2260 1127 2288 quae
1147 2251 1272 2280 cavitate
1296 2250 1343 2279 illa
1366 2255 1436 2280 sunt
1460 2252 1616 2289 instructa)

245 2405 283 2435 (l)
304 2403 506 2430 Tiedemann
527 2411 550 2430 u.
578 2403 787 2429 Treviranus
813 2403 946 2431 Zeuschr.
967 2406 1019 2431 cet.
1040 2402 1090 2429 Bd.
1109 2404 1134 2429 4.
