2149 3261
811 283 892 329 81

248 414 361 445 Romus
394 416 577 455 pbaryngeus
592 415 640 453 (l)
673 417 779 455 pariter
810 425 845 446 ac
876 426 973 446 ramus
1006 416 1143 454 lingualis
1175 422 1334 447 extrorsum
1357 418 1494 456 flectitur,
1529 424 1558 450 et
1593 423 1620 451 in

90 490 252 530 complures
285 501 350 520 mox
382 490 553 521 dissolvitur
584 501 691 522 ramos.
734 491 862 529 Quorum
896 491 1024 520 nonnulli
1057 491 1094 520 ab
1127 492 1258 521 interiore
1280 493 1315 522 ad
1339 494 1515 533 pliaryngem
1538 505 1622 526 acce—

90 567 171 603 dunt,
203 566 251 596 alii
273 566 429 604 glandulae
451 565 572 605 parotidi
595 568 752 605 parvisque
774 564 922 604 glandulis
944 564 1136 595 subcutaneis
1158 566 1346 606 suppeditant
1368 579 1483 605 nervos,
1505 569 1571 599 dum
1594 573 1624 607 ii,

89 644 135 680 qni
159 646 280 678 restant,
303 640 339 671 ad
362 650 496 670 rasorum
521 651 688 679 magnorum
711 641 793 669 initia
815 639 956 669 accedere
977 639 1119 672 videntur.

248 716 360 746 Romus
382 716 559 745 intestinalis
575 716 622 753 (2)
655 714 702 744 ubi
734 716 810 744 inter
842 713 915 744 duos
938 715 1086 744 musculos
1114 714 1291 746 abductores
1316 718 1421 756 capitis
1443 717 1480 747 ad
1503 728 1625 757 conspe-

90 798 168 822 ctum
190 793 284 828 venit,
318 790 354 820 ad
378 790 496 820 inferius
529 790 652 820 flectitur
683 791 759 819 circa
791 789 953 819 musculum
986 789 1175 820 abductorem
1209 790 1382 828 inferiorem,
1404 796 1434 821 et
1455 803 1470 822 a
1494 794 1627 824 musculo

90 868 218 897 levatore
239 867 379 905 scapulae
402 865 544 895 inferioris
575 864 689 894 celatus
721 864 757 894 ad
790 867 937 904 posterius
969 864 1121 895 deseendit
1153 867 1325 896 tenuissima
1358 867 1500 906 quaedam
1526 868 1572 897 fila
1596 870 1623 898 in

91 943 166 972 bunc
188 942 348 972 musculum
372 942 517 971 emittens.
559 939 623 970 Sub
655 950 739 979 quem
768 939 816 969 ubi
839 942 970 980 pervenit
990 941 1078 970 alium
1101 940 1159 970 edit
1183 951 1300 971 nervum
1322 944 1351 971 in
1374 943 1507 973 musculo
1531 943 1624 982 stylo—

92 1018 259 1056 pharyngeo
281 1027 315 1047 se
336 1025 541 1055 expansurum‚
565 1025 622 1055 quo
643 1016 719 1045 laeto
741 1017 768 1045 in
792 1017 906 1045 interno
932 1015 1072 1055 scapulae
1093 1017 1253 1054 superioris
1278 1017 1368 1046 latere
1391 1017 1548 1048 decurrens
1571 1019 1626 1049 sub

90 1104 206 1123 nervum
231 1093 451 1132 Hypoglossum
475 1095 610 1131 permeat.
652 1091 691 1121 Et
712 1093 739 1120 in
763 1090 864 1120 eodem
887 1091 943 1120 hoc
965 1091 1047 1127 loco,
1071 1091 1118 1120 nbi
1140 1091 1177 1121 ab
1205 1092 1259 1121 hoc
1283 1102 1371 1121 nervo
1394 1103 1427 1121 se
1454 1097 1624 1123 transscen-

90 1168 176 1198 dente
208 1168 318 1197 celatur
349 1169 377 1196 iu
411 1171 471 1197 tres
503 1166 675 1196 dissolvitur
701 1175 811 1199 ramos.
853 1166 983 1205 Quorum
1007 1168 1117 1205 primus
1140 1166 1252 1204 (ramus
1274 1168 1441 1205 recurrens)
1465 1173 1625 1199 extrorsum

91 1253 124 1272 se
148 1244 288 1272 convertit
320 1248 349 1273 et
381 1242 417 1273 ad
449 1242 568 1272 inferius
590 1247 619 1272 et
640 1243 769 1272 anterius
791 1241 913 1272 reflexus
935 1251 1027 1280 usquc
1049 1241 1086 1271 ad
1108 1241 1347 1281 stylopharyngei
1370 1244 1559 1273 insertionem
1581 1254 1627 1273 re-

90 1320 187 1354 currit,
223 1329 280 1357 quo
313 1320 341 1347 in
374 1318 506 1348 musculo
538 1318 610 1347 finiri
647 1317 769 1348 ridetur.
792 1337 828 1341 —
851 1317 1009 1347 Secundus
1029 1316 1256 1346 subtilissimum
1279 1316 1339 1347 edit
1361 1317 1437 1347 filum
1460 1322 1626 1348 antrorsum

90 1393 128 1422 ad
160 1392 352 1432 pericardium
386 1392 586 1431 progrediens,
619 1403 677 1432 quo
713 1392 790 1422 facto
822 1393 871 1421 ille
898 1394 974 1421 viam
996 1391 1032 1421 ad
1055 1394 1203 1431 posterius
1225 1402 1404 1431 persequens
1425 1395 1453 1422 in
1477 1398 1538 1423 tres
1561 1404 1627 1424 mox

89 1467 229 1498 dividitur
260 1467 474 1497 subtilissimos
506 1476 611 1503 ramos,
643 1466 764 1496 alterurn
797 1467 926 1505 pulmoni
956 1476 1062 1495 nervos
1085 1466 1348 1505 suppeditaturum,
1369 1467 1480 1498 alteros
1503 1467 1575 1498 duos
1598 1471 1627 1499 in

90 1544 232 1574 stomachi
266 1548 347 1582 parte
380 1542 489 1572 laterali
524 1541 676 1571 finiendos.
698 1559 737 1563 —
760 1541 879 1570 Tertius
901 1540 1026 1580 denique
1048 1544 1129 1570 totus
1152 1541 1306 1570 stomacho
1329 1545 1357 1570 et
1379 1543 1551 1581 oesophago
1575 1543 1626 1573 de-

88 1621 214 1650 stinatus
236 1628 303 1647 esse
325 1617 446 1648 videtur.

250 1694 366 1724 Nervus
388 1694 497 1732 primus
520 1691 674 1722 cervicalis
697 1689 907 1720 Salamandrae
929 1689 1045 1720 duobus
1067 1689 1103 1719 ad
1125 1689 1304 1719 abductores
1327 1692 1432 1729 capitis
1466 1691 1554 1722 editis
1583 1704 1627 1723 ra-

90 1770 177 1800 mulis
199 1769 235 1800 ad
259 1771 385 1799 exterius
407 1773 436 1798 et
457 1769 586 1798 anterius
609 1766 750 1806 procedit,
772 1770 800 1795 et
822 1767 850 1795 in
872 1775 916 1802 00,
939 1775 995 1805 quo
1017 1776 1033 1795 a
1055 1766 1226 1803 cartilagine
1259 1765 1427 1795 claviculari
1441 1765 1488 1803 (3)
1510 1770 1626 1805 tegitur,

90 1847 155 1876 loco
188 1856 251 1875 cum
284 1854 364 1874 ramo
387 1854 402 1873 a
425 1843 556 1873 secundo
578 1853 667 1872 nervo
689 1842 794 1882 spinali
818 1844 937 1878 emisso,
958 1841 1016 1871 sibi
1039 1841 1184 1870 volumine
1206 1840 1264 1870 sere
1286 1851 1390 1880 aequo,
1413 1851 1447 1870 se
1469 1844 1626 1880 coniungit.

92 1921 159 1960 Qua
191 1922 397 1951 coniunctione
431 1928 537 1948 nervus
569 1917 777 1958 Hypoglossus
810 1917 962 1953 formatur,
983 1918 1032 1955 qui
1055 1918 1130 1946 circa
1153 1915 1328 1954 pharyngem
1351 1920 1515 1945 antrorsum
1538 1917 1628 1948 flexus

250 2077 290 2108 (1)
311 2074 377 2101 Tab.
397 2074 427 2101 ll.
459 2073 517 2108 Fig.
538 2072 579 2104 11„
600 2081 633 2099 m.

251 2130 290 2162 (2)
311 2129 370 2163 Fig.
391 2128 434 2160 11„
454 2136 478 2154 n.

249 2184 288 2216 (3)
309 2182 456 2209 Towsoo
476 2180 646 2212 (Observata.
666 2178 781 2215 physiol.
801 2179 835 2205 de
854 2177 977 2213 Ampliib.
1010 2177 1131 2211 Gotting.
1154 2177 1221 2204 1794
1240 2185 1284 2212 pg.
1299 2177 1344 2209 27)
1365 2181 1392 2203 et
1417 2178 1461 2212 qni
1481 2178 1567 2213 ipsum
1588 2187 1628 2205 se·

92 2240 181 2274 quitur
200 2237 291 2264 Funk
311 2237 357 2270 (de
377 2235 478 2262 Salam.
499 2239 563 2262 terr.
583 2238 637 2261 cet.
657 2242 702 2268 pg.
715 2234 741 2261 8.
769 2232 837 2260 Tab.
863 2232 895 2258 ll.
915 2232 974 2266 Fig.
994 2231 1040 2262 ⁶20)
1065 2239 1183 2265 magnam
1204 2229 1272 2256 hanc
1292 2230 1411 2257 laminam
1432 2231 1628 2266 cartilagineam

93 2295 178 2328 ipsius
198 2291 324 2327 scapulae
343 2289 518 2324 (cartilagini.
539 2287 818 2322 sternam-scapularis
838 2286 882 2318 Fi)
903 2290 1003 2320 partem
1020 2285 1178 2311 anteriorem
1195 2284 1362 2316 (sternalem)
1373 2285 1515 2317 nominant,
1535 2289 1627 2313 sterno

93 2353 119 2373 et
139 2346 275 2373 claviculis
305 2344 505 2370 Salamandraui
525 2343 630 2368 omnino
659 2349 752 2367 carere
781 2340 911 2366 dicentes.
951 2339 1037 2373 Quum
1058 2343 1144 2364 tamen
1164 2342 1283 2364 eternum
1304 2339 1382 2364 etiam
1403 2339 1426 2364 in
1456 2338 1507 2364 hoe
1527 2346 1628 2373 genere

92 2410 143 2428 non
163 2399 340 2428 desideretur,
360 2398 424 2423 licet
444 2397 527 2422 aliam.
559 2403 634 2429 quam
655 2396 680 2420 in
700 2395 775 2421 Rana
795 2394 949 2428 ceterisque
974 2390 1128 2418 Batrachiis
1154 2391 1251 2417 babeat
1276 2391 1384 2418 formam
1410 2394 1473 2426 (qua
1493 2391 1526 2418 de
1547 2400 1575 2418 re
1595 2393 1628 2419 in-

93 2454 151 2485 fra).
173 2462 221 2488 pro
241 2452 394 2478 rudimentis
416 2450 600 2477 clavicularum
621 2450 711 2483 potius
733 2447 790 2475 illae
811 2447 981 2481 cartilagines
1003 2445 1139 2472 habendae
1160 2445 1291 2473 videntur.
