2149 3261
1229 312 1313 356 12

498 448 586 477 currit
608 450 635 476 et
659 449 687 475 in
710 445 845 475 musculo
869 445 1033 483 hyoglosso
1058 442 1244 483 expanditur3
1269 444 1373 480 altera,
1403 453 1420 472 a
1443 445 1576 474 musculo
1611 442 1823 482 geniohyoideo
1845 444 1959 472 interno
1982 442 2035 472 ob-

499 523 609 557 voluta,
641 522 756 560 ipsique
788 520 855 550 huic
888 520 1021 549 musculo
1055 519 1213 549 fasciculos
1236 518 1376 558 quosdam
1405 528 1512 558 parvos
1534 519 1727 559 suppeditans
1750 520 1804 548 iter
1826 528 1930 548 versus
1952 522 2035 547 ante-

499 599 574 627 riora
595 597 787 636 persequitur.
832 595 929 635 Prope
951 599 1076 624 mentum
1100 594 1205 624 deiude
1227 605 1292 624 cnm
1315 604 1394 624 ramo
1417 594 1536 632 linguali
1559 594 1833 634 Glossopbaryngei
1855 595 1884 623 iu
1906 593 2035 631 linguam

502 671 655 702 descendit
676 672 833 710 multisque
855 670 894 700 ibi
916 670 1087 701 dissolvitur
1108 672 1205 700 ramis.

1228 745 1253 783 ᾗ.
1294 746 1323 777 3.

661 822 693 852 ln
716 822 828 852 duobus
851 824 956 851 ceteris
978 821 1014 851 ad
1037 821 1158 851 eandem
1190 831 1254 851 cum
1278 820 1390 851 Bufone
1411 820 1604 850 subiamiliam
1627 821 1837 860 pertinentibus
1860 820 2035 856 Rati-achiis,

503 907 578 936 qnae
599 899 783 936 investigavi,
815 897 931 935 (Rana
953 897 1164 933 esculenta,
1199 896 1291 935 Hyla
1316 896 1486 933 arborea)
1514 895 1590 925 band
1614 906 1705 935 pauca
1727 897 1911 926 inveniuntur
1932 895 2037 925 discri-

504 974 578 1002 mino
601 972 707 1012 quibus
729 973 766 1002 ab
789 973 868 1002 illius
891 972 981 1002 forma
1003 983 1037 1002 ea
1060 971 1206 1002 recedant.
1248 971 1377 1009 Quorum
1410 976 1505 1001 autem
1539 974 1706 1010 priusquam
1728 971 1831 1000 faciam
1853 972 2038 1007 mentionem,

502 1046 597 1077 facere
620 1058 676 1077 non
700 1058 831 1086 possum,
854 1050 921 1085 quin
945 1058 1059 1086 paucos
1082 1046 1225 1087 quosdam
1248 1047 1410 1077 describam
1434 1057 1547 1084 nervos,
1570 1047 1692 1087 quibus,
1725 1057 1896 1086 quamquam
1918 1056 1933 1075 a
1957 1055 2040 1086 prae-

502 1124 687 1152 stantissimo
720 1125 781 1152 viro
819 1122 983 1152 Volkmann
1015 1124 1042 1151 iu
1074 1125 1192 1161 egregia
1223 1123 1272 1152 illa
1305 1122 1511 1152 dissertatione
1536 1123 1653 1152 silentio
1677 1123 1907 1161 praetermissis,
1943 1125 2039 1150 tamen

506 1199 610 1234 omnia,
633 1208 706 1237 qnae
729 1197 857 1227 dissecui
880 1197 984 1227 Ranae
1006 1198 1174 1227 esculentae
1196 1197 1343 1227 individua
1366 1199 1509 1228 instructa
1531 1200 1637 1228 inveni.

662 1272 701 1302 Et
723 1274 831 1311 primus
854 1273 968 1312 quidem
992 1273 1094 1302 horum
1120 1283 1273 1302 nervorum
1296 1283 1332 1302 ex
1352 1283 1430 1303 ramo
1453 1274 1545 1303 nasali
1569 1275 1646 1313 paris
1668 1275 1759 1312 quinti
1782 1274 1919 1308 exoritur,
1942 1271 2040 1310 paullo

505 1351 574 1387 post
594 1348 734 1377 ramulum
756 1348 835 1377 illum
858 1350 906 1388 qui
930 1349 1091 1378 musculum
1115 1352 1224 1377 rectum
1247 1352 1395 1377 externum
1418 1349 1568 1377 fasciculis
1590 1350 1653 1376 suis
1676 1348 1804 1383 instruit,
1826 1346 1863 1375 ab
1884 1346 1933 1375 illo
1953 1348 2041 1375 emis-

505 1432 566 1453 sus.
609 1422 641 1452 ln
664 1423 720 1452 dno
743 1425 768 1452 is
792 1434 856 1452 mox
878 1425 1042 1460 seiungitnr
1064 1422 1121 1458 fila,
1144 1432 1264 1461 quorum
1287 1423 1409 1452 alterum
1437 1425 1578 1452 exteriora
1611 1424 1691 1461 petit,
1724 1421 1943 1459 musculumqne
1975 1431 2042 1451 sus-

505 1499 672 1536 peusorium
694 1498 812 1526 instruit
834 1499 942 1533 nervis,
964 1497 1096 1532 alterum,
1119 1500 1285 1526 antrorsum
1308 1496 1499 1535 progrediens
1523 1507 1600 1526 novo
1623 1499 1650 1526 in
1679 1495 1907 1535 Suspensorium
1931 1498 2041 1526 emisso

504 1581 594 1608 ramo,
616 1573 711 1609 ipsum
733 1572 809 1601 hunc
832 1572 995 1601 musculum
1018 1571 1142 1611 perforat
1165 1576 1193 1600 et
1214 1571 1284 1601 inira
1309 1573 1388 1600 nervi
1411 1574 1497 1610 optiei
1521 1574 1706 1601 insertionem
1731 1575 1824 1609 ipsum
1853 1574 1880 1601 in
1908 1572 2041 1601 sclerati-

506 1657 567 1676 cam
601 1647 678 1676 oculi
710 1651 841 1686 penetrat
873 1647 995 1682 (nervus
1020 1647 1156 1683 ciliaris).
1197 1647 1331 1676 Ceterum
1355 1649 1446 1676 totius
1470 1647 1555 1676 buius
1578 1647 1678 1676 ramuli
1701 1649 1882 1686 praeparatio
1905 1648 2042 1677 maximas

507 1732 575 1760 prae
597 1732 630 1751 se
651 1722 705 1751 fert
727 1720 925 1757 difficultates,
948 1723 1054 1760 quippe
1076 1723 1124 1760 qui
1146 1723 1253 1751 arteria
1276 1732 1365 1761 parva
1387 1722 1425 1750 ibi
1449 1723 1556 1760 posita,
1579 1726 1607 1751 et
1630 1722 1687 1760 tela
1710 1722 1854 1751 cellulosa
1875 1723 2042 1752 arctissime

506 1806 604 1826 secum
640 1796 794 1825 coniuncta
827 1797 865 1825 ita
899 1800 1022 1833 tegatur,
1056 1801 1085 1825 nt
1117 1798 1289 1826 cautissime
1312 1806 1414 1834 regere
1437 1801 1466 1826 te
1489 1801 1643 1836 opporteat
1665 1797 1824 1833 cultellum,
1849 1807 1884 1825 ne
1905 1799 2040 1827 arteriam

507 1870 613 1900 tollens
635 1872 729 1910 ipsum
752 1881 866 1909 quoque
889 1870 1023 1900 disseces
1047 1881 1174 1901 nervum.

665 1945 760 1982 Alius,
782 1948 865 1974 cuius
889 1946 1105 1975 illustrissimus
1131 1945 1294 1975 Volkmann
1319 1946 1425 1975 nullam
1448 1946 1514 1976 fecit
1538 1949 1713 1976 mentionem
1737 1952 1783 1976 est
1811 1957 1929 1976 ramus
1951 1948 2042 1976 auri-

510 2019 662 2055 cularis,
694 2030 711 2049 a
745 2030 823 2050 ramo
855 2020 977 2058 iugulari
1007 2032 1069 2050 cum
1093 2031 1171 2050 ramo
1194 2023 1426 2051 communicante
1448 2021 1722 2060 Glossopliaryngei
1751 2023 1907 2051 coniuncto
1935 2024 1962 2051 iu
1992 2032 2042 2051 cu-

511 2098 578 2130 tem,
610 2105 683 2134 quae
716 2096 789 2124 inter
821 2095 1015 2125 membranam
1052 2098 1180 2134 tympani
1207 2097 1402 2134 angulumque
1425 2099 1484 2125 oris
1507 2104 1551 2126 est
1573 2099 1639 2132 sita²
1663 2099 1797 2127 emissus.
1840 2097 1906 2134 Quo
1929 2096 2042 2135 quidem

510 2179 587 2199 ramo
611 2180 698 2208 quum
724 2171 817 2199 omnia
841 2170 925 2200 huius
948 2170 1162 2200 Ecaudatorum
1187 2171 1368 2200 subfamiliae
1390 2181 1505 2209 genera,
1529 2182 1603 2210 quae
1625 2173 1799 2208 investigavi
1824 2171 1922 2209 (Bato,
1947 2171 2042 2207 Rana,

511 2243 600 2282 Hyla)
623 2246 681 2273 sint
705 2247 859 2281 instructa,
882 2248 909 2275 in
933 2246 1138 2276 Bombinatore
1161 2250 1190 2275 et
1213 2245 1352 2275 Petobate
1375 2246 1556 2284 (membrana
1579 2248 1706 2286 tympani
1731 2246 1911 2283 carentibus)
1929 2247 2038 2276 nullum

511 2320 605 2357 ipsius
628 2321 722 2348 inveni
749 2322 912 2358 vestigium,

672 2393 789 2424 Tertius
813 2394 945 2434 denique,
968 2406 1050 2435 quem
1075 2396 1256 2426 clarissimus
1280 2398 1322 2425 vir
1343 2396 1459 2426 silentio
1482 2399 1682 2436 praetermisit,
1705 2398 1894 2426 tenuissimus
1917 2401 1962 2427 est
1977 2407 2042 2426 ner-

512 2478 566 2499 vus
598 2478 654 2499 una
689 2469 746 2499 sere
779 2480 841 2499 cum
865 2480 944 2500 ramo
967 2474 1132 2500 recurrente
1154 2481 1171 2500 a
1192 2481 1270 2500 ramo
1293 2472 1452 2501 intestinali
1477 2471 1552 2510 Vagi
1575 2473 1711 2503 emissus.
1758 2471 1803 2502 Ad
1827 2472 1944 2502 inferius
1967 2474 1992 2502 is
2013 2476 2042 2502 et
