2149 3261
1244 285 1332 331 621

1232 979 1320 1022 ΙΙΙ.

518 1089 577 1119 ΑΝ
609 1089 720 1121 VERE
753 1089 1057 1121 AMPHIBIORUM
1090 1089 1303 1120 NUDORUM
1336 1089 1454 1119 ORDO
1481 1088 1753 1120 ZOOLOGICUS
1776 1091 1864 1121 CUM
1886 1091 2047 1123 NERVO-

717 1148 810 1178 RUM
834 1148 1133 1179 CEREBRALIUM
1155 1146 1315 1178 FORMlS
1338 1146 1580 1185 CONGRUAT,
1603 1147 1855 1186 QUAER1TUR.

681 1243 758 1271 Ante
780 1252 872 1281 pauca
894 1241 1002 1272 haecce
1024 1239 1166 1271 decennia
1196 1240 1290 1270 adhuc
1312 1250 1375 1270 mos
1397 1244 1458 1270 erat
1485 1242 1559 1270 inter
1583 1240 1733 1280 zoologos,
1766 1241 1802 1270 ad
1825 1241 2046 1279 distinguendas

517 1315 682 1345 animalium
705 1316 811 1346 formas
834 1317 950 1355 singulo
983 1321 1128 1355 tamquam
1161 1316 1303 1355 principio
1335 1315 1488 1345 divisionis
1510 1318 1549 1345 uti
1572 1325 1689 1353 organo,
1714 1315 1906 1354 quodcunque
1928 1318 2048 1346 maxime

518 1393 677 1420 incurreret
698 1393 726 1420 in
749 1392 860 1423 oculos.
902 1391 970 1429 Qua
991 1390 1097 1429 agendi
1119 1393 1232 1420 ratione
1254 1390 1315 1419 fieri
1337 1399 1430 1429 paene
1452 1400 1507 1419 non
1540 1391 1646 1430 potnit,
1682 1392 1749 1428 quin
1781 1392 1898 1429 singula
1930 1401 2047 1429 genera,

518 1475 602 1504 quam
626 1467 747 1495 maxima
770 1466 839 1496 ticet
861 1477 894 1496 ea
915 1465 1103 1496 ostenderent
1125 1465 1291 1494 discrimina
1324 1464 1574 1499 conformationis,
1607 1465 1700 1493 locuni
1733 1466 1760 1494 in
1793 1469 1956 1503 systemate
1978 1477 2047 1496 zoo-

517 1539 613 1578 logico
635 1542 802 1580 acciperent
824 1540 909 1570 valde
930 1542 1136 1580 propinquum,
1169 1538 1325 1568 dummodo
1347 1541 1375 1568 in
1398 1549 1455 1568 uno
1477 1539 1527 1568 ino
1550 1541 1749 1568 consentirent
1771 1545 1927 1577 momento,
1961 1552 2047 1580 quum

518 1614 593 1651 alia,
629 1618 763 1654 corporis
800 1616 1017 1644 constructione
1052 1612 1206 1642 admodum
1242 1613 1347 1648 affinia,
1383 1613 1470 1650 longo
1507 1615 1657 1643 interiectu
1698 1616 1794 1652 spatio
1817 1616 2046 1653 seiungerentur.

518 1689 635 1719 Nostris
657 1689 770 1718 demum
792 1688 989 1728 temporibus,
1025 1689 1142 1727 quantis
1174 1688 1320 1718 erroribus
1353 1688 1402 1717 tali
1435 1687 1581 1717 dividendi
1614 1688 1701 1718 modo
1731 1688 1893 1719 afficeretur
1914 1693 2046 1729 scientia,

518 1764 694 1793 intellectum
717 1767 779 1801 est,
815 1774 902 1803 quare
933 1763 1134 1793 artificialibus
1167 1765 1233 1793 istis
1254 1762 1466 1802 systematibus
1489 1762 1632 1802 depositis
1656 1773 1729 1793 nova
1753 1765 1892 1794 naturalia
1915 1768 2047 1796 institue-

516 1839 587 1868 bant
609 1842 729 1868 naturae
750 1843 945 1876 scrutatores,
980 1841 1071 1868 totius
1093 1849 1169 1868 nnnc
1191 1837 1442 1874 conformationis,
1464 1839 1626 1877 cunctique,
1663 1843 1692 1867 ut
1721 1841 1759 1867 ita
1782 1839 1892 1877 dicam,
1928 1841 2044 1871 habitus

517 1915 656 1944 rationem
677 1913 828 1944 babentes.
870 1913 917 1943 Ad
940 1913 1130 1952 corrigendos
1162 1918 1257 1943 autem
1280 1915 1355 1943 istos
1381 1911 1548 1942 artificiates
1572 1912 1689 1942 ordines
1711 1913 1746 1943 ad
1769 1916 1940 1944 anatomiam
1964 1926 2044 1945 com-

517 1994 645 2028 paratam
667 1988 733 2018 inde
755 1999 771 2018 a
794 1990 913 2018 maximo
937 1988 1061 2018 Cnviero
1084 1988 1250 2026 refugerunt
1270 1997 1385 2026 semper
1406 1987 1536 2025 zoologi,
1571 1991 1650 2017 certa
1675 1989 1806 2018 nimirum
1828 1999 1881 2028 spe
1902 1990 1979 2027 freti,
2017 1994 2043 2020 in

518 2066 630 2094 interna
663 2064 787 2094 alicuius
820 2063 952 2093 animalis
985 2065 1202 2093 constructione
1233 2065 1339 2102 optima
1372 2072 1502 2101 quaeque
1533 2073 1566 2091 se
1598 2064 1726 2092 invenire
1758 2073 1845 2102 posse
1867 2071 2044 2103 argumenta,

518 2139 625 2178 quibus
652 2139 748 2168 iocum
781 2140 808 2168 in
831 2138 930 2168 ordine
956 2139 1120 2169 animalium
1144 2139 1185 2168 illi
1207 2137 1389 2168 tribuendum
1412 2137 1618 2167 discernerent.
1662 2137 1865 2168 Verumtamen
1889 2141 1973 2170 etiam
1996 2141 2043 2170 hic

519 2224 586 2243 cura
621 2224 694 2252 opus
730 2217 775 2242 est
807 2218 892 2251 atque
925 2215 1057 2251 ingenio,
1092 2224 1127 2243 ne
1159 2213 1265 2252 singuli
1299 2216 1409 2242 tantum
1439 2214 1538 2250 organi
1562 2212 1789 2242 conformatione
1811 2217 1976 2245 accuratius
2000 2218 2044 2245 in-

517 2288 690 2326 vestiganda
725 2291 751 2317 in
784 2288 902 2317 eosdem
938 2289 1044 2328 aliquis
1067 2287 1174 2318 incidat
1196 2298 1317 2324 errores,
1354 2297 1438 2327 qnam
1471 2289 1518 2324 qui
1551 2297 1607 2317 uno
1639 2287 1790 2326 zoologico
1822 2291 1909 2319 utitur
1940 2292 2041 2329 signo:

516 2365 607 2393 totius
638 2365 770 2402 corporis
803 2365 913 2392 interna
946 2367 1092 2393 structura
1126 2365 1263 2393 rationem
1297 2362 1392 2392 haberi
1426 2366 1552 2401 oportet,
1588 2364 1612 2391 si
1645 2365 1818 2394 anatomiam
1847 2371 2038 2404 comparatam

516 2438 588 2476 frugi
610 2448 678 2468 esse
701 2438 774 2468 velis
798 2438 959 2476 zoologiae.
