2149 3261
793 279 878 324 247

72 411 240 440 accuratius
262 419 404 449 exponere
426 414 568 450 potuisse.
609 411 693 450 Quas
716 415 747 441 nt
769 413 797 442 in
819 411 1042 451 Hypocbtbonis
1064 416 1093 442 et
1115 411 1262 442 Caeciliae
1283 414 1380 443 nervis
1401 412 1604 444 describendis

71 485 190 515 silentio
223 488 489 524 praetermitterem,
517 495 628 516 summa
651 486 748 516 horum
770 497 922 516 nervorum
945 488 1089 523 exiguitas
1111 496 1157 516 me
1178 489 1285 525 coegit,
1308 489 1414 527 quippe
1436 489 1484 528 qni
1508 492 1605 520 tantae

71 563 99 590 in
131 560 212 590 bisce
246 560 402 599 generibus
434 562 494 590 sint
524 560 706 598 subtilitatis,
737 565 767 590 ut
799 562 884 590 unius
915 564 1028 620 tantNum
1060 560 1198 591 individui
1220 571 1328 592 nervos
1350 565 1545 603 investigans,
1567 565 1605 595 nil

74 637 144 665 certi
167 635 276 675 aliquis
298 635 334 665 de
355 637 484 674 ipsorum
507 634 604 665 forulis
626 638 720 675 possit
742 634 916 675 disceptare.
938 652 977 657 --

230 710 262 740 ln
294 712 330 740 iis
364 713 459 740 antem
494 710 620 747 fauiiiliis,
651 710 699 740 nbi
730 711 898 740 accuratius
919 712 1004 740 trium
1026 710 1124 741 borum
1147 720 1298 742 nervorum
1320 711 1429 743 formas
1450 712 1607 753 exploravi,

73 787 214 815 maximae
236 786 421 814 inveniuntur
443 784 631 822 differentiae,
653 794 748 824 neque
768 784 857 815 ullum
879 785 979 815 borum
1003 787 1114 825 parium
1135 785 1256 817 eandem
1285 788 1315 817 in
1336 786 1498 818 Ecaudatis
1521 798 1606 827 qnam

73 862 101 890 in
123 859 358 890 Salamaudrinis
379 859 494 890 exbibet
515 859 641 889 toi-mam.

233 934 543 965 Ocnlomotorius
576 936 604 963 in
636 933 798 964 Ecandatis
834 937 946 974 integer
976 945 1012 965 ac
1045 935 1117 966 liber
1148 935 1310 976 procedens
1331 947 1430 968 ramos
1452 939 1558 968 emittit
1580 940 1608 968 in

73 1009 227 1040 musculos
249 1013 358 1040 rectum
380 1011 572 1049 superiorem,
593 1014 702 1040 rectum
725 1013 878 1047 internum,
899 1015 1008 1040 rectum
1032 1011 1193 1054 inferiorem
1215 1015 1245 1041 et
1267 1011 1414 1052 obliquum
1436 1012 1609 1049 inferiorem,

73 1094 193 1124 quorum
224 1094 367 1114 ramorum
401 1094 477 1114 unus
503 1086 678 1123 (musculum
701 1090 809 1116 rectum
833 1087 1009 1125 superiorem
1033 1087 1206 1124 instruens),
1229 1089 1258 1117 in
1280 1086 1471 1117 Salamaudra
1494 1091 1524 1117 et
1545 1087 1610 1118 Tri-

75 1164 143 1189 tone
174 1159 366 1191 desideratur.
408 1159 512 1198 Neque
543 1164 639 1190 tamen
667 1162 783 1190 omnino
806 1161 860 1191 hoc
883 1170 971 1190 nervo
993 1171 1091 1190 carere
1112 1160 1247 1191 videntur
1268 1161 1500 1194 Salamandrina.
1543 1162 1609 1192 Tri-

73 1236 180 1273 gemini
212 1235 288 1264 enim
320 1244 417 1264 ramos
448 1237 615 1265 accuratius
648 1235 881 1265 examinantibus
911 1236 1041 1265 ramulus
1073 1236 1112 1266 ibi
1139 1246 1156 1266 a
1177 1246 1257 1267 ramo
1279 1237 1374 1267 nasali
1395 1239 1424 1267 in
1446 1238 1609 1268 musculum

75 1312 187 1339 rectum
219 1311 399 1348 superiorem
432 1311 560 1340 emissus
594 1313 623 1340 in
656 1310 758 1340 oculos
789 1311 919 1347 incurrit,
941 1320 998 1350 quo
1020 1312 1116 1341 omnia
1138 1315 1247 1351 primae
1267 1311 1393 1342 familiae
1413 1322 1520 1350 genera
1542 1318 1611 1342 sunt

77 1383 231 1413 destituta.
272 1383 353 1421 Quid
385 1384 473 1422 igitur
503 1386 564 1414 veri
596 1386 691 1424 possit
722 1394 792 1414 esse
822 1385 957 1422 similius,
983 1395 1069 1425 quam
1091 1385 1168 1425 qnod
1190 1388 1313 1425 partium
1335 1386 1466 1425 duarum,
1487 1389 1516 1418 in
1538 1398 1611 1427 quas

77 1467 169 1499 penes
204 1456 425 1487 Salamandrina
458 1457 583 1487 divisum
617 1460 657 1488 sit
690 1458 1005 1497 Oculomotorius,
1026 1459 1116 1489 altera
1139 1460 1271 1498 eandem,
1292 1471 1376 1500 quam
1398 1463 1427 1492 in
1448 1461 1611 1493 Ecaudatis

75 1534 226 1564 retinuerit
257 1532 385 1570 formam,
416 1533 507 1563 altera
543 1543 608 1563 cum
641 1532 810 1571 Trigemino
837 1543 872 1562 se
893 1534 1095 1566 coniunxerit?
1118 1534 1203 1572 Quae
1224 1545 1272 1565 res
1293 1535 1371 1565 haud
1392 1538 1431 1566 ita
1454 1537 1613 1574 singularis

79 1613 136 1646 est,
168 1618 254 1647 quam
287 1609 379 1646 primo
413 1611 535 1647 aspectu
566 1608 673 1646 aliquis
696 1610 795 1647 possit
816 1607 943 1645 credere,
965 1619 1029 1638 nam
1053 1610 1137 1638 etiam
1160 1611 1189 1639 iu
1211 1610 1344 1649 piscibus
1366 1610 1612 1642 cbondracanthis

78 1684 183 1714 similis
206 1681 482 1713 Oculomotorii
504 1683 579 1712 ratio
601 1686 647 1712 est
668 1681 825 1711 observata
839 1681 894 1720 (l).

236 1756 316 1787 ldem
331 1756 389 1786 fere
411 1756 567 1786 discrimen
585 1756 680 1787 Path
692 1758 813 1786 eticus
836 1756 976 1794 ostendit,
998 1756 1083 1787 modo
1100 1761 1131 1787 ut
1147 1757 1247 1793 (sicuti
1263 1767 1350 1797 supra
1366 1760 1421 1788 iam
1437 1764 1483 1789 est
1499 1760 1614 1790 demon-

79 1832 218 1871 stratum)
250 1836 330 1862 totus
361 1834 388 1862 is
419 1834 447 1862 in
480 1831 672 1862 Salamandra
699 1835 728 1862 et
751 1831 873 1862 Tritone
895 1842 959 1862 cum
981 1843 1050 1872 pare
1071 1834 1172 1872 quinto
1195 1833 1343 1863 coaluisse
1364 1833 1505 1866 videatur.
1548 1835 1613 1865 Mu-

80 1909 185 1940 sculus
220 1907 358 1947 obliquus
392 1908 523 1946 superior
554 1908 641 1943 enim,
672 1909 702 1936 in
733 1906 896 1937 Ecaudatis
928 1916 945 1937 a
977 1917 1047 1946 pare
1078 1911 1180 1947 quarto
1202 1917 1309 1937 nervos
1330 1918 1403 1938 suos
1424 1910 1575 1948 accipiens
1597 1921 1613 1940 a

81 1984 251 2022 Trigemino
285 1983 315 2011 in
350 1981 464 2011 dnobus
499 1981 581 2011 hisce
616 1981 773 2019 generibus
808 1982 967 2013 instruitur.
1012 1983 1111 2021 Atque
1137 1984 1165 2012 in
1192 1982 1408 2013 Ecaudatorum
1431 1982 1536 2014 familia
1559 1986 1614 2014 iam

83 2059 258 2090 Patheticus
290 2057 415 2096 aliquam
445 2055 574 2087 ostendit
595 2057 812 2086 inclinationem
835 2067 899 2086 cnm
922 2067 1001 2087 ramo
1024 2057 1117 2087 nasali
1138 2058 1217 2097 paris
1239 2059 1332 2097 quinti
1355 2058 1550 2096 coalescendi,
1571 2070 1616 2090 ra-

83 2135 190 2164 mulum
213 2134 345 2163 nimirum
367 2133 502 2171 exiguum
524 2131 561 2161 ab
583 2132 633 2161 illo
655 2133 804 2172 excipiens
816 2132 873 2170 (2).

243 2278 283 2310 (l)
303 2277 396 2304 Genus
416 2277 595 2312 Petromyzon
614 2277 682 2304 duas
711 2276 903 2304 Oculomotorii
931 2278 1049 2305 ostendit
1076 2281 1178 2313 partes,
1207 2277 1317 2305 alteram
1343 2278 1459 2311 liberam,
1490 2281 1616 2315 parisque

87 2331 174 2365 quarti
194 2338 303 2365 quoque
323 2331 502 2357 continentem
524 2330 612 2362 fibras,
632 2331 742 2357 alteram
762 2339 820 2366 cun)
833 2331 985 2366 Trigemino
1005 2332 1181 2359 coniunctam,
1220 2331 1279 2365 Qua
1300 2331 1333 2357 de
1352 2339 1381 2357 re
1392 2331 1616 2360 vid.Schlemm

89 2384 140 2411 und
160 2383 322 2411 D’Atltou
342 2383 408 2410 iiber
428 2384 476 2410 das
496 2383 710 2418 Nervensystem
730 2392 783 2410 von
803 2383 984 2419 Petromyzon
1008 2385 1033 2410 in
1054 2384 1128 2413 Man.
1147 2383 1256 2411 Archiv.
1278 2384 1355 2413 1838.
1374 2392 1418 2420 pg.
1433 2385 1494 2413 266.

247 2438 286 2468 (9.)
307 2436 456 2464 Volkmann
476 2436 542 2463 tiber
561 2437 602 2463 die
622 2437 789 2464 Hirnnerven
810 2437 859 2464 des
879 2436 1027 2464 Frosehes.
1065 2437 1138 2465 mun.
1158 2437 1241 2467 Arch.
1261 2437 1332 2465 1838
1349 2446 1394 2474 με.
1404 2439 1446 2466 75.
