2149 3261
1197 286 1278 331 ls

473 422 559 459 cedit,
580 420 767 452 similitudine
788 423 923 459 apparet3
950 419 1043 448 solum
1066 419 1141 447 enim
1164 416 1330 454 discrimen,
1352 426 1409 456 quo
1432 416 1468 446 ab
1490 416 1539 446 illo
1562 415 1666 453 differt,
1688 417 1716 446 in
1738 427 1773 447 eo
1795 420 1842 447 est
1864 418 2002 457 positum,

474 496 552 537 quod
582 497 610 526 in
645 505 690 532 eo,
724 494 760 524 de
794 503 851 533 quo
883 503 960 523 nunc
987 494 1092 531 agitur,
1113 502 1219 531 genere
1241 502 1275 522 ex
1297 493 1362 532 ipso
1385 492 1443 521 lere
1465 492 1583 530 ganglio
1607 494 1705 529 oritur,
1727 503 1814 532 quum
1836 494 1865 522 in
1887 492 2001 523 Bnione

473 572 522 601 ille
542 581 559 601 a
580 580 658 601 ramo
679 569 801 607 iugulari
825 567 938 598 demum
960 570 1117 600 emittatur.

630 645 742 675 Ramus
775 645 915 683 iugularis
950 643 1072 683 denique
1084 642 1132 681 (l)
1168 642 1310 683 extemplo
1338 642 1373 673 ad
1397 644 1543 683 posterius
1565 646 1595 673 et
1615 644 1750 682 superius
1772 642 1898 673 flectitur
1919 648 1948 673 et
1969 645 1998 674 in

473 721 604 752 canalem
636 723 714 751 ossis
746 722 856 759 petrosi
882 719 938 749 sibi
961 721 1104 759 proprium
1127 720 1224 750 intrat.
1266 717 1324 748 Per
1346 729 1430 758 quem
1451 718 1581 748 canalem
1605 718 1653 748 ille
1677 728 1861 758 pergressus,
1884 717 2000 757 qnando

473 799 501 827 in
522 798 672 836 superiore
704 797 864 835 posteriore
891 795 976 824 huius
998 797 1078 824 ossis
1099 795 1191 824 latere
1212 793 1248 823 od
1271 799 1459 834 conspectum
1482 796 1570 831 veuit,
1592 793 1627 824 ad
1651 796 1797 832 posterius
1819 804 1852 823 se
1875 804 1998 824 conver-

472 873 507 901 tit
527 871 698 911 celatusque
718 881 734 900 a
757 870 889 900 musculo
911 873 1092 910 protractore
1113 870 1252 910 scapulae
1274 872 1434 909 superioris
1450 880 1513 899 cum
1530 880 1609 899 ramo
1625 871 1854 900 communicante
1870 869 1999 899 Glosso-

472 946 630 985 pharyngei
652 956 720 976 sese
742 946 901 984 coniungit.
943 945 1072 976 Emissis
1094 944 1197 975 deinde
1229 945 1345 975 duobus
1378 946 1508 982 ramulis,
1530 947 1579 985 qui
1616 945 1779 974 musculum
1808 949 2007 985 tympanoma-

470 1020 599 1051 xillarem
632 1020 891 1050 transscendentes
923 1022 951 1050 in
985 1022 1050 1059 ipso
1078 1020 1133 1050 hoc
1155 1020 1290 1050 musculo
1313 1020 1458 1057 finiuntur,
1480 1020 1516 1050 ad
1537 1020 1656 1050 inferius
1678 1020 1727 1050 ille
1748 1019 1871 1050 flectitur
1893 1024 1921 1050 et
1942 1020 1999 1050 sub

472 1096 604 1125 musculo
640 1095 726 1125 modo
762 1097 908 1125 nominato
943 1105 1116 1135 pergressus
1150 1106 1239 1136 prope
1274 1096 1452 1126 maxillarum
1480 1095 1617 1134 angulum
1640 1095 1676 1125 ad
1699 1099 1889 1134 conspectum
1912 1097 2001 1127 venit.

472 1172 654 1201 Anteriorem
689 1171 727 1200 ibi
762 1170 919 1208 glandulae
949 1171 1089 1211 parotidis
1121 1175 1229 1209 partem
1256 1171 1405 1211 perforans
1426 1173 1454 1201 in
1477 1171 1551 1201 dnos
1572 1173 1693 1211 partitur
1714 1181 1820 1202 ramOS.
1864 1172 2002 1201 Antenor

471 1245 587 1276 duobus
608 1247 654 1276 vel
676 1246 768 1276 tribus
789 1246 991 1276 subtilissimis
1013 1246 1069 1277 filis
1090 1246 1128 1277 ad
1149 1249 1277 1277 anterius
1301 1247 1399 1283 editis,
1421 1249 1468 1286 qui
1492 1249 1519 1276 in
1543 1249 1661 1285 regione
1676 1246 1767 1275 lobuli
1784 1248 1892 1275 creuati
1908 1256 1997 1285 prope

470 1322 606 1360 angulum
643 1324 701 1352 oris
737 1324 824 1361 positi
861 1322 1004 1359 finiuntur,
1039 1325 1103 1361 ipse
1138 1332 1253 1361 qnoque
1288 1326 1383 1351 cutem
1420 1322 1554 1351 maxillae
1588 1321 1731 1351 inferioris
1753 1321 1872 1349 instruit
1894 1322 2000 1351 nervis.

471 1395 620 1427 Posterior
654 1398 756 1427 iterum
792 1397 867 1426 duos
902 1407 967 1426 mox
1002 1398 1105 1426 emittit
1142 1406 1259 1432 nervos,
1286 1406 1372 1425 unum
1395 1397 1423 1425 in
1445 1400 1521 1433 cute,
1544 1406 1600 1435 qna
1622 1395 1678 1425 duo
1701 1395 1834 1424 maxillae
1856 1395 1999 1424 inferioris

471 1481 553 1501 crura
588 1473 738 1511 utriusque
772 1471 873 1500 lateris
909 1475 978 1499 sunt
1014 1473 1177 1506 coniuncta,
1212 1470 1377 1506 finiendum,
1405 1470 1527 1499 alterum
1550 1472 1706 1499 introrsum
1738 1469 1850 1506 flexum,
1883 1472 2002 1510 cutique

470 1547 634 1576 arctissime
665 1545 877 1576 adhaerentem.
922 1544 984 1575 Una
1017 1555 1080 1574 cum
1108 1555 1181 1575 vena
1203 1555 1290 1584 parva
1313 1546 1349 1582 is,
1372 1555 1446 1584 quae
1468 1544 1664 1575 difficillimam
1687 1544 1782 1575 reddit
1803 1547 1897 1585 ipsius
1919 1555 2002 1585 prae-

471 1622 662 1660 parationem,
683 1631 776 1659 usqne
797 1620 833 1649 ad
857 1619 980 1648 medium
1003 1624 1105 1658 pectus
1127 1619 1266 1659 procedit,
1288 1621 1316 1649 in
1339 1624 1404 1649 cute
1426 1619 1464 1649 ibi
1487 1619 1640 1651 finiendus.

630 1695 673 1725 Ex
707 1695 824 1732 ganglio
857 1693 950 1732 Vagi
986 1698 1046 1724 tres
1080 1696 1209 1725 oriuntur
1231 1696 1322 1732 nervi,
1344 1704 1442 1724 ramus
1466 1699 1617 1731 cutaneus,
1639 1705 1737 1725 ramus
1769 1695 1998 1734 glossopharyn-

472 1781 556 1810 gens,
577 1779 673 1800 ramus
695 1768 882 1799 intestinalis.

629 1844 742 1874 Ramus
774 1848 914 1874 cutaneus
928 1845 974 1881 (2)
1007 1843 1117 1882 eadem,
1149 1855 1204 1884 qua
1237 1846 1265 1874 in
1287 1844 1372 1875 Rana
1394 1849 1423 1874 et
1445 1844 1519 1883 Hyla
1543 1846 1704 1874 instructus
1727 1849 1773 1874 est
1794 1844 1892 1882 fornia,
1914 1845 2001 1875 modo

469 1924 501 1950 ut
523 1920 612 1950 multo
649 1919 798 1959 amplioris
834 1921 873 1948 sit
908 1919 1072 1957 voluminis,
1105 1930 1190 1960 quam
1217 1922 1246 1950 in
1268 1920 1326 1950 illis
1348 1920 1515 1958 generibus.
1558 1920 1664 1949 Tendit
1687 1924 1782 1949 autem
1805 1919 1841 1949 ad
1863 1922 2000 1958 exterius,

469 1995 663 2034 glandulaque
685 1994 824 2034 parotide,
846 2005 921 2034 quae
943 1995 999 2024 sub
1022 1999 1087 2024 cute
1109 1995 1147 2025 ibi
1170 1995 1251 2032 latet,
1273 1994 1426 2035 perforata,
1450 1997 1478 2024 in
1501 1997 1565 2034 ipsa
1589 1999 1653 2024 cute
1675 1994 1853 2034 expanditur.

629 2069 927 2109 Glossopharyngeus
941 2070 997 2107 (3),
1020 2081 1077 2109 quo
1100 2080 1193 2108 genus
1216 2069 1300 2109 Pipa,
1324 2080 1496 2110 quamquam
1519 2070 1615 2108 lingua
1639 2071 1753 2099 omnino
1780 2080 1893 2106 carens,
1923 2072 1999 2109 pari-

470 2150 514 2175 ter
545 2149 631 2184 atque
663 2146 758 2175 omnia
790 2144 875 2174 huius
908 2145 1016 2175 ordinis
1038 2155 1145 2184 genera
1167 2150 1214 2175 est
1235 2148 1418 2182 instructum,
1441 2145 1652 2175 subtilissimus
1675 2154 1726 2185 pro
1749 2148 1911 2175 ceterorum
1935 2156 1999 2175 ner-

632 2351 671 2383 (l)
691 2349 757 2376 Tab.
778 2350 807 2377 ll.
840 2351 897 2386 Fig.

631 2403 670 2435 (⁶2)
689 2403 756 2432 Tab.
778 2403 808 2430 ll.
840 2404 899 2439 Fsg.

631 2456 670 2489 (3)
689 2456 756 2486 Tab.
775 2456 806 2486 ll.
837 2457 896 2493 Fig.

919 2353 932 2484 ι-ιι-ι-ι

936 2350 988 2382 ,h,

937 2414 989 2439 ,ρ-

934 2457 984 2490 ,9.
