2149 3261
86 1771 148 1842 fix
169 1808 365 1839 ‘Mem

1220 282 1305 327 38

500 427 582 456 quem
605 414 916 452 Glossopharyngenm
938 422 1006 442 esse
1027 422 1062 442 ex
1083 422 1126 448 ea,
1149 422 1232 450 quam
1255 415 1447 452 persequitur,
1469 415 1515 444 via
1537 413 1622 444 facile
1643 415 1834 448 concluditur.
1856 392 1921 447 ‘Ad
1944 423 2025 448 ante-

499 493 558 520 rius
589 491 663 518 enim
696 487 817 517 reflexus
849 486 904 517 sub
936 486 1090 526 labyrinthi
1123 488 1242 527 capsula
1276 487 1466 527 progreditur,
1493 499 1648 528 ramosque
1670 490 1709 520 ibi
1732 492 1896 531 complures
1919 503 2025 532 parvos

499 563 536 593 ad
570 565 747 604 superiorem
780 563 967 602 posteriorem
999 561 1155 601 pharyngi·
1187 567 1297 602 partem
1329 563 1458 602 editu).
1499 564 1548 594 Ad
1574 567 1696 595 interius
1717 566 1821 596 deinde
1842 567 1932 598 flexus
1954 568 2027 598 iufra

499 641 578 668 ossis
610 637 725 677 hyoidei
758 648 846 667 cornu
878 638 1026 677 posterius
1058 639 1086 666 in
1118 639 1209 677 ipsam
1242 640 1302 668 oris
1334 641 1489 669 cavitatem
1513 641 1610 678 intrat,
1631 641 1728 680 ibique
1749 641 1786 672 ad
1809 642 1936 681 linguam
1958 653 2026 682 pro-

501 713 583 744 cedit.

661 788 725 818 Una
758 788 816 818 fere
847 797 912 817 cum
943 786 1227 826 Glossopharyngeo
1259 799 1352 819 novus
1374 800 1408 819 ex
1432 789 1517 828 Vago
1541 792 1631 820 oritur
1653 802 1758 822 nervus
1770 793 1828 830 (2),
1851 795 1898 832 qui
1920 793 1956 823 ad
1979 804 2028 824 ex-

500 866 590 894 terius
623 867 652 892 et
683 862 801 893 inferius
833 862 994 899 descendit,
1025 873 1100 899 mm,
1127 862 1286 893 directione
1307 868 1416 894 mutata
1438 865 1474 894 ad
1497 868 1626 896 anterius
1648 867 1790 906 procedit,
1811 869 2030 908 musculosque,

501 941 550 979 qui
585 949 619 969 os
655 937 809 978 hyoideum
845 941 961 968 movent
993 938 1154 967 anteriores
1185 942 1214 967 et
1240 938 1375 969 laterales
1397 940 1533 980 (excepto
1554 942 1771 981 mylohyoideo)
1794 943 1943 974 fasciculis
1966 946 2030 975 suis

501 1015 627 1044 instruit.
669 1012 764 1050 Quem
799 1012 913 1051 quidem
949 1022 1058 1042 ramum
1095 1012 1276 1052 Hypogiossi
1312 1015 1425 1045 vicibus
1460 1016 1538 1055 fungi
1573 1019 1664 1057 primo
1690 1025 1812 1058 aspectu
1835 1022 1893 1049 veri
1916 1020 2030 1050 videtur

501 1087 689 1118 simillimum.
733 1087 792 1125 Qui
825 1091 920 1116 tamen
952 1097 1053 1116 omnes
1086 1089 1164 1127 paris
1196 1088 1359 1119 duodecimi
1391 1090 1479 1121 fibras
1500 1091 1537 1121 ab
1559 1092 1615 1123 hoc
1638 1104 1726 1124 nervo
1748 1097 1888 1125 contineri
1912 1095 2031 1132 diceret,

501 1165 527 1193 is
549 1163 733 1192 vehementer
752 1166 876 1192 erraret:
897 1163 1006 1201 primus
1027 1173 1134 1193 nervus
1155 1164 1319 1201 cervicalis,
1334 1165 1405 1195 inira
1421 1165 1643 1206 describendus,
1656 1171 1703 1209 qui
1720 1171 1934 1209 posterioribus
1950 1174 2030 1201 ossis

502 1237 617 1277 hyoidei
649 1237 791 1267 musculis
823 1237 982 1267 fasciculos
1008 1248 1081 1267 suos
1109 1239 1287 1278 suppeditat,
1308 1241 1374 1270 sine
1395 1240 1483 1272 dubio
1507 1245 1593 1273 etiam
1615 1243 1651 1274 ad
1676 1244 1894 1285 Hypoglossnm
1917 1252 1964 1275 est
1985 1257 2031 1276 re-

503 1314 647 1344 ferendus.
690 1311 774 1342 Unde
807 1322 858 1351 par
890 1311 1089 1343 duodecimum
1111 1315 1139 1342 in
1161 1313 1235 1344 duas
1256 1315 1332 1354 apud
1358 1314 1598 1355 Hypocbtbonem
1621 1319 1745 1348 divisum
1768 1330 1837 1349 esse
1859 1326 1956 1360 partes
1979 1331 2030 1360 ap-

502 1394 592 1427 paret,
625 1397 743 1427 quarum
775 1388 867 1416 altera
898 1397 963 1416 cum
996 1397 1084 1416 nervo
1111 1387 1195 1426 Vaga
1216 1390 1255 1418 sit
1277 1392 1443 1428 coniuncta,
1465 1392 1568 1429 altera,
1591 1398 1622 1423 ut
1644 1395 1672 1423 in
1694 1395 1814 1434 reliquis
1836 1396 1992 1433 generibus
2015 1408 2031 1427 e

503 1466 594 1503 primo
617 1472 705 1492 nervo
728 1461 863 1491 cervicali
885 1463 1002 1492 oriatur.
1044 1462 1111 1499 Qua
1133 1461 1169 1492 de
1189 1473 1221 1492 re
1243 1463 1312 1492 infra
1336 1465 1454 1497 uberius
1475 1468 1528 1495 erit
1549 1467 1762 1499 disserendum.

661 1536 729 1576 lpse
751 1546 857 1565 nervus
881 1535 983 1574 Vagus
1004 1538 1142 1566 continuo
1166 1540 1324 1576 posteriora
1348 1542 1435 1578 petit,
1457 1544 1605 1582 ramisque
1628 1543 1742 1574 duobus
1765 1545 1809 1574 vel
1832 1546 1926 1576 tribus
1954 1547 2030 1576 haud

508 1616 545 1643 ita
569 1614 666 1652 parvis
688 1612 806 1640 emissis
819 1610 875 1647 (3),
898 1610 1052 1640 branchias
1073 1611 1220 1641 fasciculis
1242 1615 1464 1652 instruentibus,
1486 1626 1576 1655 parvo
1598 1628 1668 1647 arcu
1690 1620 1767 1649 circa
1790 1620 1922 1651 fissuram
1946 1622 2033 1652 bran-

505 1688 626 1718 cliialem
658 1685 694 1715 ad
727 1684 845 1715 interius
877 1683 1039 1721 descendit,
1070 1687 1220 1725 tribusque
1251 1687 1425 1719 dissolvitur
1452 1694 1548 1723 ramis.
1591 1692 1708 1723 Primus
1730 1694 1766 1724 ad
1788 1700 1917 1726 anterius
1942 1703 1970 1726 ct
1991 1700 2035 1727 in-

506 1763 592 1793 ferius
627 1771 661 1791 se
695 1761 838 1790 convertit
849 1760 895 1797 (4)
918 1764 947 1789 et
978 1762 1006 1790 in
1039 1760 1171 1792 fissuram
1199 1762 1393 1794 branchialem
1417 1767 1527 1796 intrans
1551 1769 1578 1796 in
1602 1770 1742 1799 musculis
1764 1774 1862 1809 parvis
1885 1777 2034 1803 transver-

505 1837 626 1872 salibus,
660 1835 765 1874 quibus
796 1837 958 1865 anteriores
988 1845 1105 1865 arcuum
1137 1837 1344 1868 branchialiuui
1368 1845 1465 1879 partes
1488 1847 1698 1874 connectuntur
1719 1850 1748 1875 et
1769 1851 1818 1875 aut
1840 1850 2033 1886 approximari

507 1916 555 1942 aut
577 1911 716 1940 removeri
739 1914 872 1949 possunt,
895 1909 999 1942 finitur.

665 1984 830 2020 Secundus,
853 1985 1051 2024 amplissimus
1073 1988 1211 2024 omnium,
1232 1993 1279 2018 est
1300 1999 1398 2020 ramus
1420 1992 1595 2023 intestinalis
1608 1994 1664 2031 (5),
1686 1997 1733 2034 qui
1757 1998 1853 2027 varias
1876 2000 2031 2028 intestino-

508 2071 567 2091 rum
590 2064 688 2100 pnrtes
710 2058 844 2099 providet
866 2061 971 2091 nervis.

667 2229 704 2261 (1)
725 2238 750 2263 q·
771 2238 796 2264 ‘1-

668 2283 707 2314 (2)
729 2282 794 2310 Tab.
815 2282 858 2311 ΙΙΙ.
880 2282 938 2318 Fig.
961 2286 981 2313 l,
1005 2285 1044 2316 12,
1065 2294 1087 2313 a.

670 2336 708 2367 (3)
730 2335 787 2369 Fig.
810 2337 832 2363 l⁴
853 2340 871 2367 t,
892 2340 911 2364 t.

670 2388 708 2419 (4)
730 2388 787 2423 Fig.
810 2390 831 2419 l,
853 2398 876 2414 a.

670 2442 708 2472 (5)
730 2441 787 2476 Fig.
811 2443 832 2473 Ι,
854 2451 877 2469 ν.
