2149 3261
96 401 166 427 mos,
190 402 298 421 rantum
320 392 520 427 auricularem,
543 402 651 421 ramum
675 393 827 422 mentalem
851 399 880 422 et
902 403 1010 423 ramum
1034 393 1172 431 gutmen».
1195 413 1230 419 -
1256 394 1367 426 Ramus
1389 398 1559 428 auricularis
1579 409 1629 429 sn-

94 478 143 505 pra
173 477 205 497 os
229 468 398 507 quadi-ntum
425 467 459 497 ad
476 469 604 496 anterius
627 472 655 496 et
677 470 803 498 exterius
825 479 858 497 se
882 473 1057 497 convertens
1080 480 1149 498 arcu
1174 471 1250 499 circa
1275 471 1410 501 annulum
1434 475 1630 513 tympanicum

96 543 313 582 cartilagineum
335 543 372 572 ad
396 543 515 572 inferius
539 541 693 571 descendit
717 548 746 572 et
769 545 796 571 in
819 548 885 571 cute
906 544 981 571 inter
1003 542 1199 572 membranam
1223 548 1350 584 tympani
1373 551 1403 576 et
1418 548 1555 586 angulum
1572 551 1631 579 oris

95 621 190 659 posita
213 618 393 658 expanditur.
415 636 451 641 -
475 616 588 646 Ramns
610 618 747 646 mentalis
769 618 867 646 statim
889 616 927 646 ad
951 617 1070 647 inferius
1094 617 1166 648 infra
1199 619 1337 657 angulum
1373 622 1551 652 maxillarum
1583 624 1632 654 de-

92 694 221 730 scendit,
244 692 347 723 deiude
369 692 529 721 directione
551 697 658 722 mutata
680 691 717 721 ad
739 694 869 722 anterius
892 692 1040 731 procedit,
1072 695 1100 722 in
1125 694 1240 723 interno
1263 694 1396 725 maxillae
1423 696 1567 728 inferioris
1589 699 1631 728 la-

95 777 172 806 tere,
196 778 331 806 ramoque
353 768 491 796 maxillari
515 768 640 796 inferiori
663 768 742 805 paris
765 769 856 805 quinti
881 768 1039 807 parallelus
1064 778 1155 808 usqne
1178 769 1213 798 ad
1237 772 1326 799 menti
1348 772 1458 811 apicem
1481 773 1632 811 progredi-

95 850 150 882 tur,
173 844 221 874 uhi
243 844 362 873 ramulis
383 842 555 881 quibusdam
578 842 615 871 ad
637 841 832 872 membranam
856 845 996 872 internam
1020 845 1078 873 oris
1106 846 1227 874 emissis
1260 845 1334 875 finiri
1366 846 1488 878 videtur.
1510 866 1546 873 —-
1569 849 1631 879 Ra-

94 930 158 950 mus
185 920 296 958 gularis
333 918 455 956 deniqne
477 928 546 946 arcu
569 919 645 946 circa
681 917 859 957 pharyiigem
895 918 931 948 ad
969 919 1088 948 inferius
1125 923 1154 949 et
1187 921 1308 950 interius
1331 920 1464 959 flectitur,
1485 926 1632 964 ramisque

96 994 269 1035 quibusdam
293 996 391 1034 parvis
413 995 442 1022 in
465 992 627 1022 musculum
649 993 883 1033 stylohyoideunu
908 996 1079 1024 anteriorem
1104 996 1232 1031 emissis,
1255 997 1282 1024 in
1307 1000 1373 1026 cute
1402 1000 1531 1036 pectoris
1557 999 1630 1030 duo-

92 1072 146 1101 bus
169 1069 339 1110 expanditur
361 1069 425 1099 tilis.

251 1145 367 1174 Nervus
392 1143 518 1181 Vagus
541 1154 591 1183 per
609 1143 736 1173 foramen
759 1154 849 1183 prope
872 1144 1025 1183 condylum
1049 1145 1232 1184 occipitalem
1255 1147 1343 1175 situm
1368 1148 1507 1186 cranium,
1525 1153 1558 1179 nt
1579 1159 1630 1180 su-

92 1232 143 1260 pra
165 1220 356 1256 ostendimus,
379 1219 514 1258 relinquit
536 1223 565 1248 et
587 1218 622 1248 ad
645 1220 784 1257 ganglion
808 1221 882 1248 satis
905 1230 1039 1257 magnum
1060 1222 1227 1251 intumescit
1242 1231 1339 1251 ramos
1355 1221 1431 1252 duos
1447 1225 1630 1257 emissurum.

96 1296 252 1325 Praeterea
281 1300 371 1324 totum
394 1295 472 1324 hunc
494 1304 612 1323 nervum
636 1305 670 1324 ex
692 1295 830 1324 foramine
853 1305 908 1324 suo
931 1297 1149 1334 provenientem
1173 1296 1341 1336 adspiciens
1363 1308 1481 1328 nervum
1505 1299 1632 1340 Sympa-

93 1372 200 1401 thicnm
223 1380 338 1408 quoqne
359 1369 473 1398 videbis
495 1379 546 1407 per·
567 1368 687 1398 eandem
709 1369 785 1399 hanc
807 1374 969 1409 aperturam
1000 1381 1034 1398 ex
1070 1373 1159 1400 cranii
1195 1374 1323 1402 cavitate
1358 1373 1568 1411 egredientem.
1595 1394 1632 1401 -

93 1447 225 1476 Duorum
249 1445 362 1474 illorum
384 1443 421 1472 ad
443 1447 572 1482 systema
597 1443 672 1480 Vagi
695 1454 785 1482 penes
809 1443 948 1472 Rusonem
973 1447 1193 1474 coniunctorum
1217 1456 1370 1476 nervorum
1388 1457 1486 1478 ramus
1502 1448 1630 1481 Glosso-

93 1522 277 1561 pharyngens
291 1521 337 1558 (l)
361 1518 446 1548 morlo
477 1522 558 1548 ortus
591 1517 627 1547 ad
660 1528 779 1557 parvum
803 1517 897 1547 denuo
921 1521 1088 1548 intumescit
1111 1519 1250 1557 ganglion
1266 1521 1323 1558 (2),
1345 1526 1405 1551 tres
1428 1533 1462 1552 ex
1484 1535 1519 1553 eo
1544 1528 1631 1554 emis-

92 1607 180 1628 surus
202 1606 311 1625 ramos:
334 1604 443 1624 ramum
465 1595 740 1629 communicantem,
762 1604 870 1622 ramum
895 1594 1091 1633 pharyugeum
1115 1599 1142 1623 ct
1166 1605 1275 1625 ramum
1298 1596 1463 1634 lingualem.

251 1670 363 1700 Ramus
385 1671 603 1699 communicans
617 1668 665 1707 (3)
688 1679 750 1698 cnm
774 1679 852 1698 ramo
876 1669 999 1708 iugulari
1023 1669 1107 1699 modo
1130 1669 1281 1709 descripto
1304 1681 1338 1700 se
1361 1674 1521 1711 coniungit,
1542 1674 1629 1706 fibras

92 1749 187 1789 ipsius
208 1746 355 1776 volumine
377 1745 555 1784 aliquantum
578 1753 700 1782 angens.

254 1902 294 1932 (l)
315 1899 381 1926 'ran
403 1899 422 1925 1.
454 1898 512 1932 Fig.
536 1900 558 1929 1,
578 1897 603 1926 9.

254 1955 293 1985 (⁸2)
314 1952 372 1987 Fig.
395 1954 417 1983 1,
439 1951 472 1979 D.

252 2007 292 2040 (3)
314 2005 394 2039 Quod
414 2014 509 2031 nomen
530 2006 629 2031 idcirco
650 2005 709 2031 huie
719 2014 793 2032 ramo
812 2006 935 2039 imposui,
957 2005 1028 2039 quod
1050 2005 1245 2040 is‚ul·icunque
1265 2006 1403 2039 invenitur,
1424 2016 1482 2034 cum
1503 2017 1575 2036 ramo
1594 2012 1629 2037 in-

95 2063 177 2098 gulari
206 2069 237 2087 se
266 2060 409 2093 coniungit.
457 2059 582 2085 Gaudent
612 2068 644 2084 eo
673 2062 760 2085 autem
789 2060 874 2084 omnia
905 2058 1042 2084 Ecnndata
1072 2063 1098 2085 et
1127 2059 1334 2086 Salamantlrina.
1355 2076 1388 2079 —
1431 2061 1629 2091 musti-issimus

97 2116 280 2143 Volkmann
311 2113 338 2145 (l.
360 2113 376 2141 1.
398 2120 458 2147 pag.
481 2113 526 2144 77)
555 2112 614 2138 huic
635 2121 707 2138 ramo
739 2120 835 2138 nomen
866 2112 1002 2146 iugularis,
1033 2113 1066 2138 illi
1096 2121 1129 2138 ex
1159 2114 1230 2147 paris
1259 2115 1342 2148 quinti
1368 2115 1476 2149 ganglio
1508 2120 1629 2144 nascenti

96 2178 188 2201 ner-vo,
208 2178 266 2195 cnm
296 2177 349 2202 quo
379 2167 419 2193 hic
439 2176 470 2193 se
492 2167 634 2200 coniungit,
654 2174 749 2191 nomen
779 2166 918 2200 tympanici
940 2166 1238 2199 (Tronunelhahlenast)
1268 2168 1402 2202 imposuit.
1442 2168 1522 2202 Quod
1542 2176 1628 2198 autem

100 2225 211 2259 primum
241 2221 274 2248 ad
304 2221 372 2247 hunc
397 2223 470 2247 nervi
500 2220 614 2246 Facialis
643 2228 741 2245 ramum
775 2220 876 2251 attinet,
906 2228 1000 2245 nomen
1029 2229 1043 2245 a
1073 2220 1221 2246 ‹larissimo
1250 2221 1307 2246 viro
1341 2220 1410 2247 haud
1444 2231 1540 2257 magno
1574 2226 1629 2251 iure

96 2279 147 2312 ipsi
168 2278 318 2310 impositum
339 2282 403 2301 esse
419 2275 524 2300 videtur
543 2277 687 2308 propter·ea
707 2273 778 2306 quod
800 2274 877 2299 etiam
898 2273 1032 2308 complura
1052 2281 1160 2307 genera,
1181 2281 1250 2307 quae
1270 2275 1386 2301 cavitate
1404 2278 1519 2310 tympani
1539 2282 1631 2304 carent

96 2329 314 2364 (Pelobates,
336 2327 572 2358 Bombinator,
593 2326 834 2358 salamandra,
855 2326 990 2359 Triton)
1011 2336 1043 2353 eo
1055 2330 1117 2353 sunt
1137 2327 1277 2355 instructa.
1316 2328 1389 2354 lllum
1410 2333 1497 2356 autem
1517 2338 1531 2355 a
1552 2330 1630 2357 Glos-

97 2383 288 2419 sopharyngeo
302 2384 427 2409 emissum
441 2390 558 2412 nervum,
579 2381 692 2414 quicum
713 2381 801 2416 priore
821 2388 852 2406 se
863 2382 1007 2415 coniungit,
1028 2379 1190 2406 clarissimus
1207 2382 1246 2406 vir
1265 2389 1362 2408 ramum
1382 2382 1526 2416 iugularem
1539 2383 1628 2416 (Kent-

97 2442 140 2465 ast
159 2438 208 2463 des
227 2436 332 2470 vagus)
352 2435 503 2471 appellavit,
529 2438 666 2469 totumquo
695 2443 728 2460 ex
755 2435 940 2460 coniunctione
966 2433 1101 2461 amborum
1121 2442 1262 2461 nervorum
1288 2433 1426 2461 formatum
1446 2444 1555 2464 nervum
1575 2446 1627 2464 non

1401 2480 1417 2497 t)

1402 2496 1416 2506 -a
