2149 3261
815 289 900 334 59

92 419 245 450 dunnnodo
277 419 352 450 alius
385 421 490 448 nomini
524 422 602 449 nervi
625 419 752 450 lateralis
774 420 907 450 tribuitur
928 430 1046 458 sensus,
1069 431 1153 461 quam
1177 432 1261 462 quein
1283 422 1433 463 bucusque
1455 423 1617 455 doctissimi

91 497 143 525 viri
176 497 232 534 ipsi
265 494 433 525 tribuerunt.
476 494 552 524 Sunt
583 497 670 532 enirn,
702 497 727 525 si
759 497 931 526 sententiani
955 500 1080 526 nostran·
1105 495 1140 525 de
1162 497 1216 526 hac
1237 507 1267 527 re
1291 497 1414 536 proferre
1436 499 1520 528 nobis
1543 500 1619 537 licet,

90 574 149 600 tres
182 571 211 599 in
243 569 390 599 Ranarum
425 568 551 607 cordylis
581 572 660 599 nervi
683 573 777 607 magni
800 571 924 606 cutanei,
947 572 994 609 qui
1017 572 1167 600 maximam
1190 581 1252 600 cum
1277 582 1365 602 nervo
1387 573 1498 603 laterali
1520 578 1619 604 osten-

91 644 161 674 dant
182 643 409 680 similitudinem,
430 645 564 681 anterior,
586 642 699 674 medius
720 648 749 674 et
771 646 926 683 posterior,
948 654 1128 684 quorumque
1151 646 1316 685 complures
1338 648 1366 676 in
1396 647 1520 685 singulis
1547 649 1617 678 Am-

92 719 255 759 phibiornm
279 717 419 748 nudorum
442 718 598 756 generibus
620 720 810 749 inveniuntur.
852 719 1034 756 Antei-ior,
1057 721 1130 750 solis
1152 719 1299 750 Ranarum
1322 721 1448 760 cordylis
1473 723 1617 762 proprius,

89 805 124 824 ex
155 794 274 832 ganglia
307 792 465 831 Trigeniini
498 795 636 829 nascitur,
663 791 699 822 ad
721 794 857 832 superius
879 797 907 823 et
929 793 965 824 ad
986 797 1115 824 anterius
1137 804 1171 824 se
1194 797 1344 832 convertit,
1367 798 1482 835 entique
1504 796 1617 835 frontis,

88 869 192 905 malae,
224 870 287 897 nasi
323 878 428 898 nervos
450 866 632 907 suppeditat3
653 869 841 906 posterior
862 872 908 898 est
929 870 965 906 is,
987 871 1034 908 qui
1056 871 1083 899 in
1107 869 1236 907 Tritone,
1258 870 1470 910 Hypochthone
1492 876 1521 902 et
1543 871 1616 902 Cae-

88 943 152 973 cilia
184 945 212 972 in
245 944 308 981 ipsa
341 943 417 972 linea
449 941 560 972 laterali
582 941 620 971 ad
642 944 804 981 posteriora
826 942 1018 981 descendens,
1040 946 1068 974 in
1090 944 1165 984 Pipa
1187 945 1337 984 dorsigera
1359 957 1451 986 usque
1472 946 1510 977 ad
1531 957 1615 977 anum

85 1017 192 1054 tendit,
225 1022 254 1048 et
285 1019 333 1057 qui
366 1019 467 1046 stricte
499 1027 607 1046 nervus
640 1017 770 1048 lateralis
804 1022 923 1049 vocatur
935 1018 995 1057 (l);
1028 1019 1170 1050 medius
1193 1020 1317 1061 denique
1340 1024 1418 1051 varia
1440 1024 1469 1051 in
1491 1021 1616 1060 singulis

85 1092 241 1130 generibus
273 1090 421 1130 praeditus
454 1096 500 1121 est
531 1091 627 1122 tonna.
670 1091 702 1122 ln
735 1091 948 1133 llypochtbone
979 1096 1105 1132 anguino
1137 1097 1163 1124 is
1194 1105 1211 1125 a
1244 1106 1322 1125 ramo
1357 1097 1515 1126 intestinali
1538 1097 1614 1136 Vagi

84 1169 175 1197 oritur
187 1166 244 1203 (2),
267 1170 295 1196 et
327 1168 432 1205 pariter
463 1176 497 1196 ac
530 1176 636 1197 nervus
664 1167 794 1197 lateralis
816 1170 948 1207 superior
961 1169 1007 1206 (3)
1030 1179 1123 1209 usque
1144 1169 1181 1200 ad
1203 1170 1325 1200 caudam
1348 1171 1509 1209 descendit,
1531 1172 1615 1202 modo

86 1246 118 1271 ut
151 1252 169 1271 a
205 1241 282 1271 linea
316 1241 427 1270 laterali
463 1241 640 1281 aliquantum
676 1244 715 1272 sit
749 1247 888 1280 remotus,
920 1248 948 1273 ct
969 1246 997 1273 in
1019 1245 1153 1274 inferiore
1175 1246 1274 1276 lateris
1296 1251 1376 1285 parte
1398 1245 1541 1278 decurrat.
1583 1246 1614 1276 In

84 1315 217 1355 piscibus
248 1315 296 1345 hic
327 1325 435 1345 nervus
466 1315 578 1346 medius
609 1319 635 1346 is
667 1327 764 1347 ramus
786 1320 866 1348 nervi
889 1319 1018 1349 lateralis
1041 1323 1087 1349 est
1108 1319 1269 1358 habendus,
1292 1323 1340 1360 qui
1362 1323 1390 1351 in
1412 1323 1531 1360 regione
1553 1324 1614 1361 pin-

84 1400 183 1421 narum
216 1390 403 1429 pectoralium
435 1390 606 1429 expanditur
641 1391 733 1431 (quod
765 1394 851 1422 etiam
879 1393 958 1431 Vogt
979 1395 1034 1424 iani
1057 1395 1230 1431 annotavit).
1272 1394 1305 1425 In
1341 1396 1491 1426 ecaudatis
1514 1397 1615 1427 Batra-

82 1465 156 1495 chiis
192 1464 316 1503 denique
352 1463 471 1493 eandem
507 1473 591 1503 quam
626 1466 654 1494 in
690 1465 815 1504 cordylis
849 1467 977 1497 ostendit
1012 1468 1146 1506 formam,
1168 1469 1300 1509 idemque
1322 1476 1369 1500 est
1391 1481 1507 1508 nervus,
1529 1481 1612 1511 quem

83 1541 303 1570 illustrissimus
336 1538 501 1569 Volkmann
534 1549 665 1569 ramum
697 1544 887 1570 cutaneum
923 1541 1015 1580 Vagi
1051 1543 1218 1582 appellavit.
1266 1544 1324 1582 Qui
1360 1544 1472 1575 medius
1508 1557 1613 1577 nervus

88 1619 244 1651 cntanens,
275 1623 361 1653 quum
393 1614 477 1643 solus
499 1615 539 1643 sit
559 1616 651 1644 totius
672 1614 756 1645 huius
778 1618 958 1654 systematis,
980 1619 1028 1656 qui
1051 1622 1167 1655 peracta
1190 1619 1416 1657 metamorphosi
1438 1619 1546 1650 adultis
1567 1631 1612 1651 re-

82 1694 197 1720 maneat
231 1687 390 1720 Ecaudatis
427 1689 505 1725 (solo
540 1699 646 1727 genere
682 1689 756 1729 Pipa
791 1695 921 1731 excepto,
956 1691 1034 1732 quod
1069 1693 1154 1722 etiam
1183 1694 1347 1729 posteriore
1369 1703 1457 1724 nervo
1479 1699 1612 1734 cutaneo,

82 1776 161 1796 ramo
196 1763 308 1794 laterali
343 1765 445 1793 stricte
479 1764 525 1794 sic
560 1763 648 1802 dicto,
683 1769 729 1795 est
763 1767 962 1805 instructum),
996 1766 1082 1797 facile
1106 1771 1235 1807 apparet,
1256 1769 1351 1807 ipsum
1374 1771 1460 1798 etiam
1481 1771 1509 1799 in
1532 1771 1612 1802 hisce

82 1840 256 1871 animalibus
287 1849 339 1878 pro
371 1841 452 1868 nervi
483 1839 613 1869 lateralis
645 1841 768 1879 analogo
799 1846 827 1871 et
856 1844 939 1881 qnasi
961 1841 1124 1872 rudimento
1146 1853 1238 1882 posse
1259 1843 1368 1881 haberi,
1390 1847 1434 1874 sic
1455 1849 1559 1883 tamen,
1582 1851 1612 1876 ut

79 1916 136 1946 hoc
168 1916 281 1945 nominc
313 1924 369 1943 non
403 1913 498 1944 solum
532 1924 639 1944 nervus
671 1914 801 1946 lateralis
828 1926 916 1946 verus
938 1917 1060 1955 (nervus
1083 1922 1227 1948 cutanens
1248 1919 1416 1958 posterior),
1438 1920 1490 1950 sed
1514 1924 1609 1951 cuncti

79 1995 150 2027 tres,
172 1989 208 2019 de
229 1988 334 2028 quibus
364 1988 450 2018 modo
472 1988 673 2026 disseruimus,
696 1992 775 2020 nervi
797 1991 1017 2030 amplectantur.

239 2064 323 2102 Quae
359 2074 444 2103 quum
481 2067 521 2094 ita
557 2066 626 2103 sint,
661 2075 738 2095 nova
773 2068 827 2097 iam
860 2071 985 2098 exoritur
1005 2069 1148 2108 quaestio,
1180 2078 1245 2099 num
1269 2071 1355 2099 etiam
1376 2071 1404 2099 in
1427 2070 1540 2101 homine
1561 2077 1610 2103 aut

237 2282 277 2313 (l)
297 2280 325 2307 lu
344 2279 461 2315 cordylis
481 2279 523 2307 hic
543 2289 634 2309 ramus
654 2291 702 2318 per
721 2286 806 2311 totam
826 2283 900 2312 dorsi
919 2283 1066 2320 laterisque
1085 2283 1275 2319 longitudinem
1295 2285 1402 2313 duobus
1421 2287 1502 2314 ramis
1521 2295 1608 2324 usque

78 2335 112 2363 ad
131 2334 232 2362 caudae
252 2335 353 2369 apicem
373 2334 464 2360 tendit.

237 2388 276 2419 (¹2)
296 2386 363 2415 Tab.
384 2387 429 2413 lll.
449 2387 507 2421 Fig.
530 2388 552 2420 l,
572 2396 605 2415 w.

236 2440 275 2474 (3)
296 2439 353 2475 Fig.
376 2442 399 2473 l,
419 2438 442 2473 ό,
463 2438 494 2468 ο”.
