2149 3261
807 296 888 342 21

86 432 184 461 bibent
207 430 381 460 discrimen?
414 430 545 469 Quorum
569 429 644 459 dnos
666 440 681 459 a
706 433 824 466 minore,
858 430 933 459 dnos
957 441 972 459 a
996 432 1101 460 maiore
1127 435 1209 470 parte
1230 431 1339 470 ganglii
1363 430 1456 460 editos
1478 431 1619 467 videmus,

85 510 124 537 ita
147 512 176 536 ut
199 506 239 536 illi
262 506 300 535 ad
321 506 446 535 radicem
470 506 505 535 ab
529 506 669 535 Acusuco
693 504 815 542 editam,
851 505 877 534 hi
911 504 947 534 ad
970 506 1079 543 parium
1112 508 1202 544 quinti
1225 508 1358 545 sextique
1380 508 1507 545 origines
1529 509 1615 546 perti-

87 592 154 612 nere.
175 582 335 611 videantur.
378 581 444 619 Qua
477 580 512 609 de
534 591 564 609 rc
590 580 661 610 infra
683 580 800 609 uberius
823 581 875 608 erit
897 578 1108 610 disserendum.
1153 579 1287 609 Ceterum
1311 590 1404 618 genus
1427 580 1619 611 Bornbinator

86 668 119 686 eo
141 668 157 687 a
181 657 321 687 Pelobate
343 655 452 691 differt,
489 655 567 694 quod
601 658 628 685 in
650 655 706 685 hoc
727 664 833 692 genere
855 664 956 684 omnes
984 654 1011 683 hi
1034 656 1118 691 rami,
1155 659 1186 684 ut
1208 656 1236 684 in
1258 655 1379 695 reliquis
1402 655 1561 685 Ecandatis
1584 667 1618 685 cx

87 743 142 763 una
166 732 323 768 eademque
345 735 478 770 apertura
501 735 615 766 exeunt,
637 732 664 759 in
687 730 736 759 illo
758 740 808 768 per
829 731 881 759 tria
905 729 1042 759 distincta
1065 729 1202 760 foramina
1225 732 1353 760 cranium
1376 730 1550 769 relinquunt.

242 807 273 836 ln
299 806 503 835 Bornbinalore
535 805 659 835 radicem
694 807 720 834 in
755 803 830 843 vagi
863 805 1000 844 ganglion
1023 807 1175 835 intrantem
1204 815 1288 834 unam
1314 809 1424 835 tanturn
1449 808 1544 835 inveni
1561 807 1617 843 (l),

85 894 168 923 qnam
202 888 296 912 innuen
329 882 364 910 ob
399 883 490 910 maius
511 881 647 909 volumen
671 884 784 910 ceteras
806 880 892 910 huius
914 882 994 910 nervi
1024 882 1152 918 origines
1174 881 1324 920 amplecti,
1360 891 1442 910 nen-o
1459 883 1526 917 erit,
1549 883 1616 920 quin

86 959 170 989 facile
192 958 343 996 intelligat.
386 956 544 986 Pelobates
578 959 675 985 curura
709 955 782 985 duas
814 955 942 986 ostendit
966 955 1042 994 Vagi
1074 955 1204 993 radices,
1241 967 1362 996 quarum
1386 956 1503 986 inferior
1524 956 1618 986 tribus

85 1034 244 1065 minoribus
267 1037 312 1062 est
334 1034 494 1072 composita
512 1031 568 1067 (2).
591 1049 630 1052 —

247 1108 278 1138 ld
301 1107 414 1147 quidem
449 1107 536 1136 verbo
557 1111 666 1136 tantum
691 1106 861 1137 monendum
891 1106 1017 1143 videtur,
1053 1106 1129 1145 quod
1153 1107 1390 1136 Ocnlomotorius
1424 1109 1451 1135 in
1474 1105 1616 1136 Pelobate

83 1187 208 1215 foramen
232 1186 391 1223 proprium,
427 1187 457 1211 nt
479 1184 508 1211 in
531 1182 651 1221 reliquis
672 1183 844 1221 generibus,
880 1182 967 1212 habet
1000 1182 1118 1218 nullum,
1142 1182 1194 1212 sed
1228 1193 1278 1222 per
1299 1182 1423 1212 foramen
1447 1181 1616 1220 Trigemini‚

84 1262 232 1300 ipsiusque
255 1259 339 1289 huius
363 1260 440 1288 nervi
463 1257 580 1296 ganglia
604 1257 688 1287 valde
709 1260 889 1297 propinquus
912 1267 946 1287 ex
968 1259 1066 1287 cranio
1088 1257 1208 1287 excedit.

807 1333 831 1370 ξ.
873 1333 899 1363 7.

245 1409 347 1447 Neque
369 1410 454 1436 etiam
478 1409 566 1436 ramis
588 1417 622 1436 ex
643 1407 725 1436 hisce
747 1405 894 1436 radicibus
917 1407 1101 1446 gangliisque
1123 1407 1284 1436 orientibus
1305 1417 1410 1445 genera
1428 1407 1617 1437 Bombinator

86 1491 114 1515 et
137 1484 297 1514 Pelobaies
321 1483 438 1511 multum
472 1491 487 1509 a
512 1485 673 1510 ceterorum
695 1480 910 1510 Ecaudatorum
936 1480 1025 1510 forma
1047 1481 1200 1517 recedunt,
1235 1481 1310 1510 unde
1342 1484 1435 1520 magis
1467 1484 1617 1521 magisque

86 1565 218 1600 apparet,
252 1569 320 1588 esse
352 1562 483 1596 systema
506 1567 658 1586 nervorum
693 1566 783 1595 penes
815 1558 909 1585 omnia
931 1554 1081 1586 Ecaudata
1113 1555 1171 1585 fere
1192 1556 1351 1585 secundum
1375 1557 1495 1586 eundem
1518 1560 1617 1595 typum

86 1638 251 1671 formatum,
291 1633 467 1671 eandemque
491 1634 518 1661 in
541 1632 689 1671 plerisque
712 1631 847 1660 exhibere
868 1633 1005 1670 speciem.
1050 1630 1126 1660 Sunt
1147 1631 1334 1660 nihilomiuus
1360 1641 1467 1670 pauca,
1503 1631 1617 1670 quibus,

86 1716 115 1741 ut
138 1710 223 1741 modo
246 1708 380 1746 vidimus,
403 1710 531 1746 origines
554 1717 704 1736 nervorum
728 1706 765 1736 ab
786 1708 823 1736 iis
845 1710 1036 1744 cognatorum
1057 1716 1193 1744 generum
1217 1705 1397 1744 discrepent,
1434 1716 1520 1745 quum
1543 1707 1616 1738 duas

83 1788 142 1817 illic
163 1791 261 1825 partes
293 1782 430 1813 ostendat
462 1783 599 1821 ganglion
634 1782 794 1820 Trigemini
826 1783 923 1811 varias
957 1782 1136 1820 excipientes
1170 1780 1294 1812 radices.
1337 1781 1402 1819 Qua
1440 1780 1553 1820 quidem
1576 1792 1615 1818 re,

86 1873 169 1902 quun·
192 1863 257 1896 iarn,
281 1863 312 1888 ut
334 1869 367 1888 ex
390 1857 599 1888 Salamandrae
623 1867 775 1886 nervorum
798 1856 994 1896 descriptione
1015 1856 1175 1896 apparebit,
1197 1856 1232 1885 ad
1255 1856 1543 1885 Salamandrinorum
1560 1856 1614 1886 for-

87 1949 160 1968 mam
183 1937 302 1976 propius
335 1932 488 1970 accedant,
511 1935 601 1962 maior
623 1934 709 1962 etiam
731 1931 762 1961 fit
783 1932 855 1961 haec
877 1931 1038 1961 similitudo
1060 1933 1149 1960 ramis
1172 1931 1208 1961 ab
1230 1935 1351 1970 utraque
1373 1932 1470 1961 haruin
1494 1935 1615 1971 partium

88 2015 214 2043 emissis.
258 2010 369 2040 Ramus
404 2009 513 2039 nasalis
530 2008 576 2045 (3)
600 2009 674 2036 enim
697 2011 725 2036 et
747 2016 844 2036 ramus
868 2006 1023 2036 maxillaris
1037 2006 1084 2044 (4)
1107 2017 1140 2036 ex
1162 2008 1280 2043 maiore,
1302 2017 1398 2036 ramus
1421 2008 1566 2047 palatinus
1588 2011 1617 2037 et

85 2099 182 2119 ramus
216 2086 356 2124 iugulatis
389 2095 422 2114 ex
445 2086 555 2113 minore
579 2085 667 2113 oriun-
689 2086 770 2122 parte
782 2082 839 2119 (5),
860 2084 899 2112 ita
923 2086 953 2112 ut
975 2082 1014 2112 illi
1037 2081 1095 2112 duo
1117 2081 1275 2112 fasciculos
1297 2092 1313 2112 a
1336 2092 1403 2112 vera
1426 2084 1502 2122 paris
1525 2085 1614 2120 quinti

247 2256 286 2286 (l)
307 2253 373 2281 Tab.
396 2253 415 2281 1.
447 2252 507 2286 Fig.
527 2252 551 2283 3‚
573 2252 612 2277 10.

248 2309 286 2339 (2)
307 2307 373 2334 Tab.
396 2306 416 2334 l.
448 2306 507 2340 Fig.
527 2306 552 2336 Δ,
573 2303 600 2339 β,
619 2314 644 2339 y.

248 2361 286 2392 (3)
306 2360 365 2394 Fig.
387 2360 403 2386 3
423 2363 449 2385 et
469 2361 494 2390 4,
514 2367 538 2386 a.

248 2415 286 2445 (4)
307 2413 365 2448 Fig.
385 2414 401 2440 3
421 2416 449 2439 et
469 2414 493 2443 4,
514 2421 537 2438 e.

249 2468 288 2499 (5)
308 2466 366 2501 Fig.
386 2466 402 2493 3
423 2470 450 2492 et
468 2466 492 2497 4,
513 2465 568 2492 fet
587 2465 612 2492 h.
