2149 3261
814 279 900 324 43

89 423 153 454 dem
196 424 282 455 valde
324 429 504 467 propinquus
546 429 619 458 inter
661 429 808 475 musculos
850 430 1060 468 geuioglossos
1100 433 1250 470 utriusque
1293 431 1393 460 lateris
1434 433 1461 461 in
1498 432 1626 470 linguam

91 500 187 531 intrat.

247 575 373 606 Nervum
397 577 671 616 Sympathicuni
696 581 722 608 iu
747 578 881 608 omuibus
905 588 979 617 quae
1002 577 1213 617 descripsimus
1235 580 1456 619 Ampbibioruun
1478 582 1626 611 ‘mulorum

88 650 245 686 generibus
267 651 383 681 silentio
406 654 635 691 praetermittere
667 663 719 682 uos
751 652 939 692 opportebat,
975 662 1059 691 quum
1093 655 1120 682 iu
1149 653 1311 684 Ecaudatis
1344 657 1496 685 notissima
1532 658 1625 695 ipsius

87 725 127 753 sit
149 724 252 761 torma,
289 728 316 755 iu
340 726 571 756 Salamaudrinis
604 733 631 756 ct
654 727 867 766 H5poclitbone
900 727 1008 756 nullum
1044 728 1101 758 fore
1126 730 1220 768 ipsios
1244 731 1438 759 invenerimus
1462 733 1625 769 vestigium.

87 797 118 828 ln
143 799 270 829 Caecilia
308 803 333 831 is
356 812 479 840 maguus
503 802 596 831 denuo
631 805 764 841 satisque
797 805 971 842 perspicuus
1007 807 1128 842 apparet
1161 815 1333 844 quamquam
1366 807 1508 835 rationein
1532 806 1568 835 ab
1591 816 1624 835 ea

86 873 302 905 Ecaudatorum
327 887 445 915 prorsus
468 877 612 906 diversam
637 877 806 908 osteudens.
849 877 945 908 Prima
969 880 1054 916 enim,
1077 890 1161 917 quam
1186 880 1280 918 ipsius
1304 882 1466 909 invenimus
1489 880 1624 917 radicem,

86 959 102 977 e
124 959 194 988 parc
215 953 341 990 septimo
364 957 426 981 orta
448 951 484 980 ad
508 954 656 991 posterius
679 953 847 989 descendit,
879 964 944 983 cun»
968 954 1249 994 Glossopbaryngeo
1282 965 1315 985 se
1343 957 1495 994 coniungit
1518 961 1547 985 et
1569 956 1624 985 sub

83 1033 164 1053 ramo
188 1027 346 1055 iutestinali
374 1025 449 1064 Vagi
472 1037 624 1066 permeans
648 1030 674 1056 iu
698 1028 837 1066 gauglion
861 1039 994 1067 magnum
1022 1034 1155 1066 ovatum,
1192 1030 1267 1068 quod
1302 1033 1329 1059 in
1364 1033 1477 1060 interno
1500 1031 1622 1060 musculi

82 1100 331 1139 vertebrohyoidei
364 1101 452 1130 latere
485 1106 531 1131 est
563 1105 690 1141 positum
721 1105 866 1135 inseritur.
919 1103 1005 1142 Quod
1039 1104 1154 1144 quidem
1187 1105 1408 1143 gangliou(l),
1445 1117 1530 1145 quum
1564 1106 1619 1135 alia

86 1173 142 1204 dua
165 1175 357 1205 subtilissima
382 1176 427 1206 fita
451 1187 466 1205 e
491 1177 575 1215 Vago
599 1180 719 1207 orientia
743 1189 908 1218 nervosque
930 1179 1003 1209 duos
1027 1182 1136 1219 primos
1169 1180 1330 1210 cervicale-s
1365 1182 1506 1220 excipiat,
1541 1184 1623 1220 quin·

83 1259 140 1287 que
162 1260 314 1279 nervorum
339 1251 442 1281 format
464 1254 694 1292 receptaculum,
731 1258 886 1292 tantaeque
909 1259 955 1284 est
978 1255 1199 1292 magnitudinis,
1235 1260 1372 1295 quantam
1406 1258 1434 1285 in
1464 1256 1541 1285 nullo
1564 1255 1622 1285 Re-

86 1324 198 1362 ptilium
223 1325 361 1354 nudorum
385 1336 490 1364 genere
514 1327 696 1366 Sympathici
729 1329 846 1366 ganglia
879 1329 1045 1359 ostendunt.
1088 1330 1256 1359 Nascuntur
1288 1335 1384 1360 autem
1407 1341 1441 1360 ex
1462 1333 1622 1370 posteriore

84 1400 180 1436 ipsius
202 1399 258 1428 fine
280 1399 336 1428 duo
358 1403 452 1436 nervi,
489 1412 609 1439 quorum
632 1403 754 1432 alterum
778 1403 999 1442 Hypoglossum
1033 1414 1101 1433 esse
1130 1405 1213 1434 modo
1239 1404 1515 1441 demonstravimus,
1551 1406 1623 1435 alter

82 1472 118 1502 ad
141 1476 305 1512 posteriora
335 1474 426 1503 tendit
443 1475 505 1512 (2),
538 1480 567 1505 et
598 1485 662 1505 cum
685 1478 770 1506 tertio
793 1487 881 1506 nervo
902 1478 1010 1516 spiuali
1032 1488 1066 1507 se
1088 1480 1279 1516 coniungens,
1308 1479 1526 1519 Syropatbicum
1551 1491 1620 1509 cou-

82 1550 186 1579 tinnat.

245 1626 269 1653 A
293 1626 443 1663 proposito
475 1629 576 1654 nos-tro
609 1626 677 1654 licet
707 1625 862 1655 abhorrere
889 1626 1022 1656 videatur
1051 1637 1202 1656 nervorum
1226 1629 1381 1667 spinalium
1404 1639 1519 1668 quoque
1541 1629 1620 1659 exhi-

83 1699 151 1728 bere
184 1698 406 1737 descriptiones,
439 1699 534 1729 facere
566 1704 661 1730 tamen
695 1711 750 1730 non
784 1711 955 1740 possumus,
987 1703 1055 1741 quin
1085 1712 1191 1732 nervos
1215 1702 1380 1733 cerebrales
1403 1703 1548 1734 Caeciliae
1570 1705 1619 1734 de-

80 1773 245 1803 scribentes
282 1776 356 1803 tertii
393 1776 472 1803 nervi
508 1776 631 1814 spinalis
644 1777 691 1813 (3)
727 1787 841 1814 quoque
879 1777 1005 1806 breviter
1040 1777 1181 1806 faciamus
1217 1780 1400 1814 mentionem,
1437 1781 1542 1818 quippe
1569 1782 1616 1818 qui

79 1859 187 1878 ramum
206 1852 326 1885 emittat,
347 1851 375 1878 iu
398 1849 542 1886 omuibus,
564 1861 638 1890 quae
659 1853 724 1890 ipso
747 1851 876 1890 praedita
899 1857 978 1888 sunt,
1000 1854 1157 1890 generibus
1174 1863 1190 1882 a
1208 1852 1292 1890 vago
1309 1855 1463 1883 orientem:
1485 1864 1615 1883 ramum

80 1924 279 1953 lateralem
294 1924 350 1960 (4).
393 1924 536 1954 Dubitare
558 1926 670 1964 quidem
695 1927 799 1965 aliquis
823 1929 927 1965 possit,
950 1932 1042 1956 utrum
1067 1938 1133 1956 vera
1155 1930 1195 1956 sit
1218 1928 1299 1964 haec,
1322 1939 1407 1967 qnam
1430 1928 1497 1959 huic
1527 1940 1616 1959 nervo

81 1998 243 2035 tribuimus,
275 1998 462 2037 significatio,
495 2011 548 2030 uec
580 2011 625 2032 ne.
669 2001 763 2030 Valde
796 2001 956 2040 profundus
979 2004 1052 2032 enim
1077 2004 1101 2032 is
1124 2004 1210 2039 iacet,
1233 2007 1390 2043 tectusque
1411 2015 1428 2034 a
1450 2007 1532 2034 trium
1556 2015 1615 2034 mu-

238 2198 276 2228 (1)
297 2197 363 2223 Tab.
384 2197 427 2224 ΙΙΙ.
458 2198 517 2233 Fig.
538 2199 562 2231 2,
584 2207 604 2227 r.

238 2251 279 2283 (ι’)
299 2250 358 2285 Fig.

238 2303 277 2334 (3)
298 2303 355 2338 Fig.

239 2357 277 2388 (4)
298 2356 356 2391 Fig.

398 2271 403 2282 7
425 2259 438 2274 Q

396 2308 431 2335 ,l

395 2365 437 2389 ,u

377 2358 392 2384 ιθ
377 2305 392 2330 ¹3>
379 2251 395 2277 ιθ
