2149 3261
832 274 914 319 17

269 407 353 436 Alter
384 409 454 437 rami
490 407 601 437 uasalis
633 417 730 437 ramus
757 410 836 438 recte
859 406 895 438 ad
918 408 1047 437 anterius
1069 406 1209 445 procedit,
1232 410 1337 445 cutem,
1360 407 1564 447 musculosque
1584 417 1636 438 na-

111 484 183 512 rium
205 481 353 512 fasciculis
376 485 439 512 suis
465 486 668 512 instructurus.

270 556 381 587 Ramus
416 557 573 587 maxillaris
609 559 741 597 superior
752 557 798 594 (Ι)
821 559 894 586 inter
928 555 1080 585 musculos
1101 556 1286 594 temporalem
1311 561 1337 585 et
1361 560 1578 588 massetericum
1601 557 1638 588 ed

112 633 239 662 exterius
276 631 365 662 flexus
401 634 428 661 in
464 632 562 671 plures
596 632 766 662 dissolvitur
788 641 905 661 nervos.
947 630 1076 668 Quorum
1099 631 1158 667 alii,
1181 632 1326 661 anteriora
1348 635 1493 670 petentes,
1514 635 1541 662 in
1565 637 1638 669 cute,

111 717 186 746 quae
220 711 286 737 ante
321 710 350 736 et
383 716 471 746 supra
501 707 617 737 oculum
654 712 699 736 est
733 708 830 745 posita
865 705 1011 742 finiuntur,
1047 705 1106 743 alii,
1132 710 1199 745 post
1227 707 1302 737 oculi
1324 707 1442 737 bulbum
1463 707 1500 737 ad
1522 707 1639 738 inferius

114 781 339 818 descendentes,
362 786 456 812 cutem
478 782 611 811 maxillae
632 783 778 811 instruunt
801 783 906 811 nervis.

269 856 381 887 Ramus
403 857 558 887 maxillaris
581 856 696 886 inferior
709 856 755 894 (2)
780 856 865 886 modo
887 867 903 886 e
924 856 1042 894 gangtio
1065 859 1147 886 ortus
1169 856 1309 886 ramulum
1333 859 1433 887 statim
1454 856 1491 887 ad
1516 859 1641 887 exterius

113 933 216 962 emittit
238 933 266 961 in
289 931 364 962 duos
386 942 449 962 mox
470 941 575 961 nervos
598 931 783 969 dissolutum,
806 942 891 962 unum
915 933 943 961 in
967 932 1098 961 musculo
1120 934 1310 962 masseterico
1332 931 1499 969 finiendum,
1520 932 1640 962 alterum

113 1006 227 1045 longius
259 1006 295 1037 ad
326 1008 451 1036 exterius
486 1006 717 1046 progredientem
751 1011 778 1036 et
806 1009 834 1036 in
857 1007 991 1037 musculo
1013 1008 1160 1046 temporali
1185 1017 1218 1037 se
1240 1017 1442 1047 expensurum.
1466 1027 1502 1032 —
1525 1007 1642 1046 Quibus

112 1084 210 1111 nervis
232 1081 318 1111 editis
339 1092 436 1111 ramus
460 1087 559 1112 noster
580 1082 616 1112 ad
639 1084 767 1112 anterius
790 1092 964 1121 progressus
987 1093 1075 1121 supra
1098 1083 1259 1112 musculum
1284 1083 1469 1122 temporalem
1500 1082 1536 1112 ad
1564 1087 1642 1113 exte-

112 1159 172 1186 rius
193 1166 227 1186 se
263 1159 420 1193 convertit,
453 1158 631 1197 ramulisque
653 1159 753 1188 iterum
776 1157 891 1187 duobus
915 1159 942 1187 in
965 1157 1042 1187 hunc
1065 1158 1227 1187 musculum
1249 1158 1367 1187 emissis
1389 1159 1445 1187 iter
1465 1167 1570 1188 versus
1591 1168 1642 1188 an-

112 1232 209 1270 gulum
242 1232 420 1262 maxillarum
454 1235 645 1272 persequitur.
689 1233 758 1263 Tria
787 1233 832 1263 vel
856 1238 992 1272 quattuor
1014 1233 1052 1262 ibi
1076 1243 1110 1264 ex
1132 1235 1195 1272 ipso
1218 1234 1348 1262 oriuntur
1370 1235 1466 1263 tenuia
1489 1232 1546 1270 fila,
1569 1242 1644 1273 quae

114 1316 169 1335 una
193 1316 256 1336 cum
280 1307 453 1345 quibusdam
476 1318 492 1337 a
513 1318 592 1337 ramo
615 1308 737 1346 iugulari
761 1310 879 1338 emissis
901 1309 998 1337 nervis
1020 1307 1057 1337 ad
1079 1310 1211 1339 anterius
1235 1307 1394 1348 procedunt
1415 1312 1445 1338 et
1471 1310 1498 1338 in
1526 1310 1645 1347 regione

114 1381 205 1410 lobuli
238 1384 317 1417 parvi
353 1384 471 1418 crenati,
509 1392 565 1421 qno
602 1382 728 1420 angulus
752 1384 810 1412 oris
833 1386 881 1412 est
908 1386 1038 1419 ornatus,
1060 1383 1269 1422 expanduntur.
1311 1383 1380 1422 lpse
1402 1393 1509 1413 nervus
1531 1383 1645 1420 deinde,

113 1456 162 1486 ubi
193 1456 229 1485 ad
263 1455 406 1485 maxillam
428 1455 588 1485 inferiorem
612 1458 755 1494 pervenit,
777 1467 886 1486 ramum
910 1468 972 1486 mox
993 1457 1048 1486 hoc
1073 1468 1108 1486 os
1131 1457 1419 1494 transscendentem,
1442 1458 1647 1498 musculosque

114 1530 349 1570 mylobyoideum
385 1535 413 1560 et
448 1530 725 1570 sternomyloideum
761 1534 950 1561 instruentem
988 1534 1108 1568 emittit,
1136 1531 1202 1561 dum
1226 1534 1290 1570 ipse
1312 1535 1434 1571 priorem
1458 1532 1646 1562 directionem

116 1608 308 1646 persequitur,
340 1610 369 1635 et
400 1608 427 1635 iu
464 1610 581 1636 externo
614 1606 747 1635 maxillae
769 1607 913 1637 inferioris
936 1607 1024 1637 latere
1047 1617 1138 1645 nsque
1161 1606 1197 1636 ad
1218 1609 1305 1636 menti
1328 1609 1439 1646 apicem
1462 1618 1646 1647 progressus,

116 1684 144 1711 iu
167 1686 233 1712 cute
254 1682 302 1718 ibi,
326 1691 382 1721 qua
405 1682 459 1711 hoc
480 1686 527 1711 est
550 1685 666 1718 tectum,
690 1681 795 1713 linitur.

277 1756 397 1786 Tertius
420 1759 469 1796 qui
492 1758 519 1786 in
543 1757 618 1797 Pipa
641 1768 674 1786 ex
696 1757 814 1795 ganglio
836 1757 960 1787 Gasseri
982 1759 1108 1787 exoritur
1130 1767 1237 1786 nervus
1250 1757 1297 1794 (3)
1319 1758 1346 1786 in
1375 1756 1448 1786 dnos
1480 1767 1544 1787 mox
1574 1758 1648 1789 divi-

117 1832 193 1862 ditur
227 1842 335 1868 ramos‚
357 1842 478 1871 quorum
512 1833 594 1868 alter,
627 1842 725 1861 ramus
749 1833 906 1872 palatinus,
929 1832 1049 1863 eandem
1073 1834 1199 1869 omnino,
1221 1842 1305 1870 qnam
1328 1834 1355 1861 in
1378 1831 1501 1868 Bufone,
1522 1833 1649 1862 ostendit

117 1907 244 1938 formam.
287 1906 372 1936 Alter
403 1906 439 1936 ad
472 1910 602 1937 exterius
635 1919 669 1937 se
690 1910 842 1944 convertit,
873 1918 966 1947 usqne
988 1908 1023 1938 ad
1047 1907 1182 1945 angulum
1206 1907 1384 1936 maxillarum
1411 1906 1600 1945 progreditur,
1620 1910 1648 1938 in

119 1982 262 2012 maxillam
291 1982 452 2012 inferiorem
476 1985 590 2020 transit,
612 1988 639 2013 et
662 1982 776 2019 deinde,
798 1982 955 2012 directione
978 1987 1101 2019 mutata,
1124 1981 1159 2012 ad
1182 1984 1311 2012 anterius
1332 1982 1466 2019 flectitur,
1488 1984 1516 2012 in
1537 1984 1648 2013 interna

120 2060 177 2088 oris
209 2057 385 2094 membrana,
407 2062 437 2087 ut
459 2057 581 2094 videtur,
604 2069 637 2088 se
659 2068 850 2098 expansurus.
894 2059 987 2096 Quem
1011 2068 1128 2087 nervum
1152 2068 1216 2087 cum
1240 2068 1276 2087 eo
1300 2057 1420 2087 ssufonis
1442 2068 1559 2087 nervum
1581 2068 1649 2088 esne

120 2133 353 2172 comparandum,
377 2143 460 2172 quem
483 2144 590 2163 ramum
616 2134 766 2164 mentalem
791 2136 1013 2170 nominavimus,
1035 2144 1069 2163 ex
1092 2143 1207 2172 magna,
1230 2143 1304 2173 quae
1327 2143 1390 2163 cum
1412 2133 1468 2163 hoc
1489 2135 1545 2173 ipsi
1561 2135 1650 2164 inter-

279 2332 319 2362 (l)
340 2331 407 2357 Tab.
427 2331 457 2358 ll.
492 2331 549 2365 Fig.
571 2333 592 2360 1.
614 2341 655 2358 ee.

283 2384 325 2415 (¹2)
343 2384 409 2412 Tab.
430 2384 461 2410 ΙΙ.
493 2384 551 2418 Fig.
573 2386 594 2415 1,
616 2393 640 2410 e.

282 2437 320 2469 (3)
342 2436 408 2464 Tab.
430 2437 461 2463 ll.
496 2437 553 2472 Fig.
576 2440 598 2470 l¹
619 2438 635 2466 Ῑ,
655 2446 680 2472 g.
