2149 3261
1225 291 1314 336 21⁰

963 1031 991 1060 4.
1033 1027 1255 1058 Caecilia
1296 1028 1540 1061 annulata.

1212 1121 1238 1159 ὗ.
1281 1122 1327 1154 14.

649 1196 860 1236 Quamcunque
882 1206 985 1235 magna
1006 1199 1066 1227 sint
1087 1207 1131 1234 ea,
1153 1197 1259 1236 quibus
1282 1197 1392 1237 reliqua
1414 1199 1547 1237 corporis
1569 1196 1704 1228 formatio
1733 1197 1851 1235 generis
1885 1194 2034 1225 Caeciliae

486 1272 523 1302 ab
555 1281 589 1302 ea
621 1273 841 1311 Amphibiorum
865 1271 1005 1301 nudorum
1028 1273 1203 1312 reliquorum
1226 1272 1340 1302 differre
1362 1274 1454 1311 primo
1477 1276 1601 1312 aspectu
1624 1272 1768 1309 videatur,
1792 1272 1872 1300 nervi
1897 1269 2031 1299 cerebra-

486 1348 530 1378 les
562 1358 683 1387 prorsus
715 1348 801 1377 simili
823 1349 936 1377 ratione
957 1352 1028 1377 sunt
1049 1348 1229 1385 conformati,
1251 1357 1409 1386 omnesque
1431 1347 1489 1376 iere
1511 1347 1631 1377 eosdem
1655 1349 1682 1376 in
1705 1347 1761 1376 hoc
1785 1355 1896 1384 genere
1918 1346 2032 1375 inveni-

486 1433 550 1453 mus
573 1433 689 1460 nervos‚
714 1425 761 1462 qui
783 1422 821 1452 ad
843 1423 958 1452 illorum
981 1426 1080 1462 typum
1106 1425 1263 1461 pertinent.

646 1498 698 1527 sie
729 1499 783 1527 iam
816 1506 923 1526 nervus
946 1496 1179 1534 Trigeminus
1195 1497 1243 1534 (l)
1265 1496 1349 1526 modo
1371 1507 1387 1526 e
1409 1499 1507 1526 cranio
1529 1507 1669 1535 egressus
1692 1499 1721 1526 in
1747 1496 1868 1526 eosdem
1893 1499 1954 1525 ires
1981 1505 2031 1525 ex-

484 1573 593 1611 templo
616 1572 755 1601 dividitur
776 1581 882 1608 ramos,
915 1581 989 1610 quos
1013 1573 1039 1600 in
1062 1570 1182 1610 reliquis
1205 1572 1290 1601 huius
1319 1571 1429 1601 ordinis
1452 1572 1569 1601 famiiiis
1592 1574 1686 1610 magis
1711 1573 1845 1601 :ninusve
1867 1570 2028 1601 distinctos

486 1649 663 1678 invenimus:
689 1645 829 1682 nasalem,
857 1645 1030 1675 maxillarem
1053 1648 1230 1685 superiorem
1253 1650 1282 1676 et
1305 1647 1481 1676 maxillarem
1505 1647 1678 1676 inferiorem.

645 1721 759 1751 Ramus
782 1720 895 1750 nasalis
910 1720 957 1758 (2)
978 1721 1033 1750 snb
1069 1724 1259 1760 prominentia
1292 1722 1470 1761 clypeiformi
1504 1724 1583 1751 ossis
1616 1722 1748 1751 frontalis
1771 1726 1936 1751 antron-sum
1959 1731 2028 1761 pro-

483 1799 622 1838 greditur,
645 1797 847 1836 tumulumque
882 1806 947 1825 mox
978 1797 1082 1826 emittit
1102 1796 1325 1827 subtilissimum
1341 1798 1388 1835 (3)
1421 1797 1458 1826 ad
1492 1799 1617 1826 exterius
1643 1807 1676 1826 se
1700 1800 1918 1826 convertentem
1940 1801 1969 1826 et
1991 1796 2027 1826 ad

480 1873 658 1903 tentaculum
693 1871 905 1906 musculosum,
934 1873 982 1910 qui
1014 1876 1081 1901 ante
1114 1873 1229 1902 oculum
1265 1877 1313 1902 est
1345 1874 1469 1912 positus,
1492 1872 1692 1903 accedentem.
1735 1872 1804 1910 Quo
1827 1871 1906 1901 edito
1928 1881 2027 1902 ramus

483 1949 594 1978 nasalis
617 1949 644 1976 in
667 1946 773 1976 finibus
796 1948 874 1975 ossis
897 1945 1030 1976 frontaiis
1053 1951 1082 1977 et
1104 1949 1183 1976 ossis
1207 1948 1319 1977 nasalis
1342 1949 1368 1976 in
1392 1946 1467 1977 duos
1491 1947 1628 1977 dividitur
1650 1957 1764 1977 nervos.
1798 1947 1930 1985 Quorum
1953 1947 2027 1977 alter

481 2025 601 2063 amplior
631 2022 668 2052 ad
701 2023 826 2051 interius
848 2022 970 2051 flectitur
985 2022 1050 2059 (4),
1084 2026 1241 2062 tectusque
1273 2022 1309 2052 ab
1343 2032 1412 2052 osse
1435 2023 1528 2052 nasali
1557 2027 1720 2052 antrorsnm
1744 2021 1891 2061 procedit,
1927 2032 2025 2052 ramos

481 2099 666 2136 diver-gentes
690 2096 844 2126 Olfactorii
869 2096 1077 2134 transscendit,
1100 2103 1128 2127 et
1150 2097 1186 2127 ad
1210 2099 1275 2128 nasi
1299 2099 1411 2137 apicem
1437 2096 1635 2136 progrediens,
1658 2099 1686 2127 in
1709 2102 1774 2127 cute
1797 2098 1891 2136 ipsius
1913 2096 2024 2133 finitum

645 2296 683 2325 (l)
705 2293 770 2320 Tah.
793 2293 838 2321 ΙΙΙ.
872 2293 930 2328 Fig.
950 2295 973 2321 2.
994 2296 1018 2322 5.

643 2348 681 2380 (⁴2)
702 2347 761 2380 Fig.
783 2347 808 2377 2,
829 2354 853 2374 a.

644 2401 683 2433 (3)
705 2400 763 2434 Fig.
783 2401 807 2432 2,
828 2399 854 2434 ῥ’.

643 2455 682 2486 (4)
703 2454 761 2488 Fig.
781 2454 807 2485 2,
829 2450 855 2482 δ.
